<?xml version='1.0' encoding='utf-8'?>
  <Document xmlns="urn:iso:std:iso:20022:tech:xsd:camt.053.001.02" xmlns_xsi="http://www.w3.org/2001/XMLSchema-instance">
      <BkToCstmrStmt>
          <GrpHdr>
              <MsgId>588d0a9f-439d-4410-8a3e-1354c2a9c55e</MsgId>
              <CreDtTm>2024-04-02T13:58:31.802216</CreDtTm>
              <MsgPgntn>
                  <PgNb>1</PgNb>
                  <LastPgInd>true</LastPgInd>
              </MsgPgntn>
          </GrpHdr>
          <Stmt>
              <Id>1</Id>
              <ElctrncSeqNb>1</ElctrncSeqNb>
              <CreDtTm>2024-04-02T13:58:31.802216</CreDtTm>
              <Acct>
                  <Id>
                      <IBAN>NL86INGB0002445588</IBAN>
                  </Id>
                  <Ccy>EUR</Ccy>
                  <Svcr>
                      <FinInstnId>
                          <BIC>ABNANL2A</BIC>
                      </FinInstnId>
                  </Svcr>
              </Acct>
              <Bal>
                  <Tp>
                      <CdOrPrtry>
                          <Cd>OPBD</Cd>
                      </CdOrPrtry>
                  </Tp>
                  <Amt Ccy="EUR">0.00</Amt>
                  <CdtDbtInd>CRDT</CdtDbtInd>
              </Bal>
              <Bal>
                  <Tp>
                      <CdOrPrtry>
                          <Cd>CRDT</Cd>
                      </CdOrPrtry>
                  </Tp>
                  <Amt Ccy="EUR">0.00</Amt>
                  <CdtDbtInd>CRDT</CdtDbtInd>
              </Bal>
              <TxsSummry>
                  <TtlNtries>
                      <NbOfNtries>1</NbOfNtries>
                      <Sum>2002.00</Sum>
                      <TtlNetNtryAmt>2002.00</TtlNetNtryAmt>
                      <CdtDbtInd>DBIT</CdtDbtInd>
                  </TtlNtries>
                  <TtlCdtNtries>
                      <NbOfNtries>0</NbOfNtries>
                      <Sum>0.00</Sum>
                  </TtlCdtNtries>
                  <TtlDbtNtries>
                      <NbOfNtries>1</NbOfNtries>
                      <Sum>2002.00</Sum>
                  </TtlDbtNtries>
              </TxsSummry>
              <Ntry>
                  <!-- Amount voor deze transactie -->
                  <Amt Ccy="EUR">123.00</Amt>
                  <!-- /Amount voor deze transactie -->
                  <!-- Debit = negatief voor burger, credit = positief -->
                  <CdtDbtInd>CRDT</CdtDbtInd>
                  <!-- Bij DBIT, vervang Dbtr hierna door Cdtr -->
                  <!-- Bij CRDT, vervang Cdtr hierna door Dbtr -->
                  <Sts>BOOK</Sts>
                  <!-- Transactiedatum -->
                  <BookgDt>
                      <Dt>2024-05-28</Dt>
                  </BookgDt>
                  <ValDt>
                      <Dt>2024-05-28</Dt>
                  </ValDt>
                  <!-- /Transactiedatum -->
                  <AcctSvcrRef>232070C7H4CYV5</AcctSvcrRef>
                  <BkTxCd>
                      -<Prtry>
                          <Cd>849</Cd>
                          <Issr>INGBANK</Issr>
                      </Prtry>
                  </BkTxCd>
                  <NtryDtls>
                      <TxDtls>
                          <Refs>
                              <InstrId>INNDNL2U20260723000025610002518</InstrId>
                              <EndToEndId>123456789</EndToEndId>
                              <MndtId>5784272</MndtId>
                          </Refs>
                          <AmtDtls>
                              <TxAmt>
                                  <Amt Ccy="EUR">9.00</Amt>
                              </TxAmt>
                          </AmtDtls>
                          <BkTxCd>
                              <Prtry>
                                  <Cd>849</Cd>
                                  <Issr>BNGBANK</Issr>
                              </Prtry>
                          </BkTxCd>
                          <!-- Tegenpartij -->
                          <RltdPties>
                              <Dbtr>
                                  <Nm>Belastingdienst Toeslagen Kantoor Utrecht</Nm>
                              </Dbtr>
                              <DbtrAcct>
                                  -<Id>
                                      <IBAN>NL86INGB0002445588</IBAN>
                                  </Id>
                              </DbtrAcct>
                          </RltdPties>
                          <!-- /Tegenpartij -->
                          <RltdAgts>
                              <DbtrAgt>
                                  <FinInstnId>
                                      <BIC>RABONL2U</BIC>
                                  </FinInstnId>
                              </DbtrAgt>
                          </RltdAgts>
                          <RmtInf>
                              <Ustrd>HHB000001 Zorgtoeslag</Ustrd>
                          </RmtInf>
                      </TxDtls>
                  </NtryDtls>
                  <!-- Zoektermen -->
                  <AddtlNtryInf>/TRTP/SEPA Incasso/REMI/HHB000001 Zorgtoeslag/CSID/NL12ZZZ091567230000/SVCL/CORE/testdata</AddtlNtryInf>
              </Ntry>
          </Stmt>
      </BkToCstmrStmt>
  </Document>