<?xml version="1.0" encoding="UTF-8"?>
<Document xmlns="urn:iso:std:iso:20022:tech:xsd:camt.053.001.02" xmlns:xsi="http://www.w3.org/2001/XMLSchema-instance">
    <BkToCstmrStmt>
        <GrpHdr>
            <MsgId>0285171712-20210816-159</MsgId>
            <CreDtTm>2021-08-16T21:50:47Z</CreDtTm>
            <MsgPgntn>
                <PgNb>1</PgNb>
                <LastPgInd>true</LastPgInd>
            </MsgPgntn>
        </GrpHdr>
        <Stmt>
            <Id>44280792</Id>
            <ElctrncSeqNb>159</ElctrncSeqNb>
            <CreDtTm>2021-08-16T21:50:47Z</CreDtTm>
            <Acct>
                <Id>
                    <IBAN>NL49BNGH0285171712</IBAN>
                </Id>
                <Ccy>EUR</Ccy>
                <Svcr>
                    <FinInstnId>
                        <BIC>BNGHNL2G</BIC>
                    </FinInstnId>
                </Svcr>
            </Acct>
            <Bal>
                <Tp>
                    <CdOrPrtry>
                        <Cd>OPBD</Cd>
                    </CdOrPrtry>
                </Tp>
                <Amt Ccy="EUR">124704.42</Amt>
                <CdtDbtInd>CRDT</CdtDbtInd>
                <Dt>
                    <Dt>2021-08-13</Dt>
                </Dt>
            </Bal>
            <Bal>
                <Tp>
                    <CdOrPrtry>
                        <Cd>CLBD</Cd>
                    </CdOrPrtry>
                </Tp>
                <Amt Ccy="EUR">120974.61</Amt>
                <CdtDbtInd>CRDT</CdtDbtInd>
                <Dt>
                    <Dt>2021-08-16</Dt>
                </Dt>
            </Bal>
            <TxsSummry>
                <TtlNtries>
                    <NbOfNtries>23</NbOfNtries>
                </TtlNtries>
                <TtlCdtNtries>
                    <NbOfNtries>8</NbOfNtries>
                    <Sum>3071.75</Sum>
                </TtlCdtNtries>
                <TtlDbtNtries>
                    <NbOfNtries>15</NbOfNtries>
                    <Sum>6801.56</Sum>
                </TtlDbtNtries>
            </TxsSummry>
            <Ntry>
                <Amt Ccy="EUR">1194.78</Amt>
                <CdtDbtInd>CRDT</CdtDbtInd>
                <Sts>BOOK</Sts>
                <BookgDt>
                    <Dt>2021-08-16</Dt>
                </BookgDt>
                <ValDt>
                    <Dt>2021-08-16</Dt>
                </ValDt>
                <AcctSvcrRef>CTBI.88718-000199</AcctSvcrRef>
                <BkTxCd>
                    <Prtry>
                        <Cd>890</Cd>
                        <Issr>BNGBANK</Issr>
                    </Prtry>
                </BkTxCd>
                <NtryDtls>
                    <TxDtls>
                        <Refs>
                            <InstrId>INNDNL2U20160821000065900003182</InstrId>
                            <EndToEndId>DK13 110529EA-0164206488</EndToEndId>
                        </Refs>
                        <AmtDtls>
                            <TxAmt>
                                <Amt Ccy="EUR">1194.78</Amt>
                            </TxAmt>
                        </AmtDtls>
                        <BkTxCd>
                            <Prtry>
                                <Cd>890</Cd>
                                <Issr>BNGBANK</Issr>
                            </Prtry>
                        </BkTxCd>
                        <RltdPties>
                            <Dbtr>
                                <Nm>UWV</Nm>
                            </Dbtr>
                            <DbtrAcct>
                                <Id>
                                    <IBAN>NL27INGB0702712736</IBAN>
                                </Id>
                            </DbtrAcct>
                        </RltdPties>
                        <RltdAgts>
                            <DbtrAgt>
                                <FinInstnId>
                                    <BIC>INGBNL2A</BIC>
                                </FinInstnId>
                            </DbtrAgt>
                        </RltdAgts>
                        <RmtInf>
                            <Ustrd>P0000100000000000067639410210813 WW 01-06-21/30-06-21 Achternaam</Ustrd>
                        </RmtInf>
                    </TxDtls>
                </NtryDtls>
                <AddtlNtryInf>/TRTP/SEPA ontvangst/REMI/P0000100000000000067639410210813 WW 01-06-21/30-06-21
                    Achternaam
                </AddtlNtryInf>
            </Ntry>
            <Ntry>
                <Amt Ccy="EUR">1009.97</Amt>
                <CdtDbtInd>CRDT</CdtDbtInd>
                <Sts>BOOK</Sts>
                <BookgDt>
                    <Dt>2021-08-16</Dt>
                </BookgDt>
                <ValDt>
                    <Dt>2021-08-16</Dt>
                </ValDt>
                <AcctSvcrRef>CTBI.89369-000012</AcctSvcrRef>
                <BkTxCd>
                    <Prtry>
                        <Cd>890</Cd>
                        <Issr>BNGBANK</Issr>
                    </Prtry>
                </BkTxCd>
                <NtryDtls>
                    <TxDtls>
                        <Refs>
                            <InstrId>INNDNL2U20160821000246300001142</InstrId>
                            <EndToEndId>518303424874</EndToEndId>
                        </Refs>
                        <AmtDtls>
                            <TxAmt>
                                <Amt Ccy="EUR">1009.97</Amt>
                            </TxAmt>
                        </AmtDtls>
                        <BkTxCd>
                            <Prtry>
                                <Cd>890</Cd>
                                <Issr>BNGBANK</Issr>
                            </Prtry>
                        </BkTxCd>
                        <RltdPties>
                            <Dbtr>
                                <Nm>Vattenfall Klantenservice N.V.</Nm>
                            </Dbtr>
                            <DbtrAcct>
                                <Id>
                                    <IBAN>NL54INGB0000000503</IBAN>
                                </Id>
                            </DbtrAcct>
                        </RltdPties>
                        <RltdAgts>
                            <DbtrAgt>
                                <FinInstnId>
                                    <BIC>INGBNL2A</BIC>
                                </FinInstnId>
                            </DbtrAgt>
                        </RltdAgts>
                        <RmtInf>
                            <Ustrd>518303424874 Factnr 54005413523 BTW 137,11 Jaarafr 10.08.2021 Klantnr 12345678 CRN
                                3014357265 Straatnaam 1 3531 PN UTRECHT
                            </Ustrd>
                        </RmtInf>
                    </TxDtls>
                </NtryDtls>
                <AddtlNtryInf>/TRTP/SEPA ontvangst/REMI/518303424874 Factnr 54005413523 BTW 137,11 Jaarafr 10.08.2021
                    Klantnr 12345678 CRN 3014357265 Straatnaam 1 3531 PN UTRECHT
                </AddtlNtryInf>
            </Ntry>
            <Ntry>
                <Amt Ccy="EUR">287.00</Amt>
                <CdtDbtInd>CRDT</CdtDbtInd>
                <Sts>BOOK</Sts>
                <BookgDt>
                    <Dt>2021-08-16</Dt>
                </BookgDt>
                <ValDt>
                    <Dt>2021-08-16</Dt>
                </ValDt>
                <AcctSvcrRef>CTBI.88718-000202</AcctSvcrRef>
                <BkTxCd>
                    <Prtry>
                        <Cd>890</Cd>
                        <Issr>BNGBANK</Issr>
                    </Prtry>
                </BkTxCd>
                <NtryDtls>
                    <TxDtls>
                        <Refs>
                            <InstrId>INNDNL2U20160821000065900015001</InstrId>
                            <EndToEndId>GVSXX20210811035337804</EndToEndId>
                        </Refs>
                        <AmtDtls>
                            <TxAmt>
                                <Amt Ccy="EUR">287.00</Amt>
                            </TxAmt>
                        </AmtDtls>
                        <BkTxCd>
                            <Prtry>
                                <Cd>890</Cd>
                                <Issr>BNGBANK</Issr>
                            </Prtry>
                        </BkTxCd>
                        <RltdPties>
                            <Dbtr>
                                <Nm>BELASTINGDIENST</Nm>
                            </Dbtr>
                            <DbtrAcct>
                                <Id>
                                    <IBAN>NL36INGB0003445588</IBAN>
                                </Id>
                            </DbtrAcct>
                        </RltdPties>
                        <RltdAgts>
                            <DbtrAgt>
                                <FinInstnId>
                                    <BIC>INGBNL2A</BIC>
                                </FinInstnId>
                            </DbtrAgt>
                        </RltdAgts>
                        <RmtInf>
                            <Ustrd>MAAND AUG. NR. 123456789H1001 IB/PVV 2021 (ACHTER )</Ustrd>
                        </RmtInf>
                    </TxDtls>
                </NtryDtls>
                <AddtlNtryInf>/TRTP/SEPA ontvangst/REMI/MAAND AUG. NR. 123456789H1001 IB/PVV 2021 (ACHTER )
                </AddtlNtryInf>
            </Ntry>
            <Ntry>
                <Amt Ccy="EUR">236.00</Amt>
                <CdtDbtInd>CRDT</CdtDbtInd>
                <Sts>BOOK</Sts>
                <BookgDt>
                    <Dt>2021-08-16</Dt>
                </BookgDt>
                <ValDt>
                    <Dt>2021-08-16</Dt>
                </ValDt>
                <AcctSvcrRef>CTBI.88718-000201</AcctSvcrRef>
                <BkTxCd>
                    <Prtry>
                        <Cd>890</Cd>
                        <Issr>BNGBANK</Issr>
                    </Prtry>
                </BkTxCd>
                <NtryDtls>
                    <TxDtls>
                        <Refs>
                            <InstrId>INNDNL2U20160821000065900014862</InstrId>
                            <EndToEndId>GVSXX20210811035644439</EndToEndId>
                        </Refs>
                        <AmtDtls>
                            <TxAmt>
                                <Amt Ccy="EUR">236.00</Amt>
                            </TxAmt>
                        </AmtDtls>
                        <BkTxCd>
                            <Prtry>
                                <Cd>890</Cd>
                                <Issr>BNGBANK</Issr>
                            </Prtry>
                        </BkTxCd>
                        <RltdPties>
                            <Dbtr>
                                <Nm>BELASTINGDIENST</Nm>
                            </Dbtr>
                            <DbtrAcct>
                                <Id>
                                    <IBAN>NL36INGB0003445588</IBAN>
                                </Id>
                            </DbtrAcct>
                        </RltdPties>
                        <RltdAgts>
                            <DbtrAgt>
                                <FinInstnId>
                                    <BIC>INGBNL2A</BIC>
                                </FinInstnId>
                            </DbtrAgt>
                        </RltdAgts>
                        <RmtInf>
                            <Ustrd>MAAND AUG. NR. 123456789H1001 IB/PVV 2021 (ACHT )</Ustrd>
                        </RmtInf>
                    </TxDtls>
                </NtryDtls>
                <AddtlNtryInf>/TRTP/SEPA ontvangst/REMI/MAAND AUG. NR. 123456789H1001 IB/PVV 2021 (ACHT )</AddtlNtryInf>
            </Ntry>
            <Ntry>
                <Amt Ccy="EUR">162.00</Amt>
                <CdtDbtInd>CRDT</CdtDbtInd>
                <Sts>BOOK</Sts>
                <BookgDt>
                    <Dt>2021-08-16</Dt>
                </BookgDt>
                <ValDt>
                    <Dt>2021-08-16</Dt>
                </ValDt>
                <AcctSvcrRef>CTBI.88718-000200</AcctSvcrRef>
                <BkTxCd>
                    <Prtry>
                        <Cd>890</Cd>
                        <Issr>BNGBANK</Issr>
                    </Prtry>
                </BkTxCd>
                <NtryDtls>
                    <TxDtls>
                        <Refs>
                            <InstrId>INNDNL2U20160821000065900014728</InstrId>
                            <EndToEndId>GVSXX20210811034855855</EndToEndId>
                        </Refs>
                        <AmtDtls>
                            <TxAmt>
                                <Amt Ccy="EUR">162.00</Amt>
                            </TxAmt>
                        </AmtDtls>
                        <BkTxCd>
                            <Prtry>
                                <Cd>890</Cd>
                                <Issr>BNGBANK</Issr>
                            </Prtry>
                        </BkTxCd>
                        <RltdPties>
                            <Dbtr>
                                <Nm>BELASTINGDIENST</Nm>
                            </Dbtr>
                            <DbtrAcct>
                                <Id>
                                    <IBAN>NL36INGB0003445588</IBAN>
                                </Id>
                            </DbtrAcct>
                        </RltdPties>
                        <RltdAgts>
                            <DbtrAgt>
                                <FinInstnId>
                                    <BIC>INGBNL2A</BIC>
                                </FinInstnId>
                            </DbtrAgt>
                        </RltdAgts>
                        <RmtInf>
                            <Ustrd>MAAND AUG. NR. 12345678H1001 IB/PVV 2021 (ACHTERN )</Ustrd>
                        </RmtInf>
                    </TxDtls>
                </NtryDtls>
                <AddtlNtryInf>/TRTP/SEPA ontvangst/REMI/MAAND AUG. NR. 12345678H1001 IB/PVV 2021 (ACHTERN )
                </AddtlNtryInf>
            </Ntry>
            <Ntry>
                <Amt Ccy="EUR">86.00</Amt>
                <CdtDbtInd>CRDT</CdtDbtInd>
                <Sts>BOOK</Sts>
                <BookgDt>
                    <Dt>2021-08-16</Dt>
                </BookgDt>
                <ValDt>
                    <Dt>2021-08-16</Dt>
                </ValDt>
                <AcctSvcrRef>CTBI.88718-000205</AcctSvcrRef>
                <BkTxCd>
                    <Prtry>
                        <Cd>890</Cd>
                        <Issr>BNGBANK</Issr>
                    </Prtry>
                </BkTxCd>
                <NtryDtls>
                    <TxDtls>
                        <Refs>
                            <InstrId>INNDNL2U20160821000065900004472</InstrId>
                            <EndToEndId>GVSXX20210811035900116</EndToEndId>
                        </Refs>
                        <AmtDtls>
                            <TxAmt>
                                <Amt Ccy="EUR">86.00</Amt>
                            </TxAmt>
                        </AmtDtls>
                        <BkTxCd>
                            <Prtry>
                                <Cd>890</Cd>
                                <Issr>BNGBANK</Issr>
                            </Prtry>
                        </BkTxCd>
                        <RltdPties>
                            <Dbtr>
                                <Nm>BELASTINGDIENST</Nm>
                            </Dbtr>
                            <DbtrAcct>
                                <Id>
                                    <IBAN>NL36INGB0003445588</IBAN>
                                </Id>
                            </DbtrAcct>
                        </RltdPties>
                        <RltdAgts>
                            <DbtrAgt>
                                <FinInstnId>
                                    <BIC>INGBNL2A</BIC>
                                </FinInstnId>
                            </DbtrAgt>
                        </RltdAgts>
                        <RmtInf>
                            <Ustrd>MAAND AUG. NR. 123456789H1001 IB/PVV 2021 (ACHTE )</Ustrd>
                        </RmtInf>
                    </TxDtls>
                </NtryDtls>
                <AddtlNtryInf>/TRTP/SEPA ontvangst/REMI/MAAND AUG. NR. 123456789H1001 IB/PVV 2021 (ACHTE )
                </AddtlNtryInf>
            </Ntry>
            <Ntry>
                <Amt Ccy="EUR">65.00</Amt>
                <CdtDbtInd>CRDT</CdtDbtInd>
                <Sts>BOOK</Sts>
                <BookgDt>
                    <Dt>2021-08-16</Dt>
                </BookgDt>
                <ValDt>
                    <Dt>2021-08-16</Dt>
                </ValDt>
                <AcctSvcrRef>CTBI.88718-000204</AcctSvcrRef>
                <BkTxCd>
                    <Prtry>
                        <Cd>890</Cd>
                        <Issr>BNGBANK</Issr>
                    </Prtry>
                </BkTxCd>
                <NtryDtls>
                    <TxDtls>
                        <Refs>
                            <InstrId>INNDNL2U20160821000065900015117</InstrId>
                            <EndToEndId>GVSXX20210811036033984</EndToEndId>
                        </Refs>
                        <AmtDtls>
                            <TxAmt>
                                <Amt Ccy="EUR">65.00</Amt>
                            </TxAmt>
                        </AmtDtls>
                        <BkTxCd>
                            <Prtry>
                                <Cd>890</Cd>
                                <Issr>BNGBANK</Issr>
                            </Prtry>
                        </BkTxCd>
                        <RltdPties>
                            <Dbtr>
                                <Nm>BELASTINGDIENST</Nm>
                            </Dbtr>
                            <DbtrAcct>
                                <Id>
                                    <IBAN>NL36INGB0003445588</IBAN>
                                </Id>
                            </DbtrAcct>
                        </RltdPties>
                        <RltdAgts>
                            <DbtrAgt>
                                <FinInstnId>
                                    <BIC>INGBNL2A</BIC>
                                </FinInstnId>
                            </DbtrAgt>
                        </RltdAgts>
                        <RmtInf>
                            <Ustrd>MAAND AUG. NR. 123456789H1001 IB/PVV 2021 (ACHTER )</Ustrd>
                        </RmtInf>
                    </TxDtls>
                </NtryDtls>
                <AddtlNtryInf>/TRTP/SEPA ontvangst/REMI/MAAND AUG. NR. 123456789H1001 IB/PVV 2021 (ACHTER )
                </AddtlNtryInf>
            </Ntry>
            <Ntry>
                <Amt Ccy="EUR">31.00</Amt>
                <CdtDbtInd>CRDT</CdtDbtInd>
                <Sts>BOOK</Sts>
                <BookgDt>
                    <Dt>2021-08-16</Dt>
                </BookgDt>
                <ValDt>
                    <Dt>2021-08-16</Dt>
                </ValDt>
                <AcctSvcrRef>CTBI.88718-000203</AcctSvcrRef>
                <BkTxCd>
                    <Prtry>
                        <Cd>890</Cd>
                        <Issr>BNGBANK</Issr>
                    </Prtry>
                </BkTxCd>
                <NtryDtls>
                    <TxDtls>
                        <Refs>
                            <InstrId>INNDNL2U20160821000065900015029</InstrId>
                            <EndToEndId>GVSXX20210811035646275</EndToEndId>
                        </Refs>
                        <AmtDtls>
                            <TxAmt>
                                <Amt Ccy="EUR">31.00</Amt>
                            </TxAmt>
                        </AmtDtls>
                        <BkTxCd>
                            <Prtry>
                                <Cd>890</Cd>
                                <Issr>BNGBANK</Issr>
                            </Prtry>
                        </BkTxCd>
                        <RltdPties>
                            <Dbtr>
                                <Nm>BELASTINGDIENST</Nm>
                            </Dbtr>
                            <DbtrAcct>
                                <Id>
                                    <IBAN>NL36INGB0003445588</IBAN>
                                </Id>
                            </DbtrAcct>
                        </RltdPties>
                        <RltdAgts>
                            <DbtrAgt>
                                <FinInstnId>
                                    <BIC>INGBNL2A</BIC>
                                </FinInstnId>
                            </DbtrAgt>
                        </RltdAgts>
                        <RmtInf>
                            <Ustrd>MAAND AUG. NR. 123456789H1001 IB/PVV 2021 (ACHTERN )</Ustrd>
                        </RmtInf>
                    </TxDtls>
                </NtryDtls>
                <AddtlNtryInf>/TRTP/SEPA ontvangst/REMI/MAAND AUG. NR. 123456789H1001 IB/PVV 2021 (ACHTERN )
                </AddtlNtryInf>
            </Ntry>
            <Ntry>
                <Amt Ccy="EUR">26.93</Amt>
                <CdtDbtInd>DBIT</CdtDbtInd>
                <Sts>BOOK</Sts>
                <BookgDt>
                    <Dt>2021-08-16</Dt>
                </BookgDt>
                <ValDt>
                    <Dt>2021-08-16</Dt>
                </ValDt>
                <AcctSvcrRef>212250BDGKM8SB</AcctSvcrRef>
                <BkTxCd>
                    <Prtry>
                        <Cd>849</Cd>
                        <Issr>BNGBANK</Issr>
                    </Prtry>
                </BkTxCd>
                <NtryDtls>
                    <TxDtls>
                        <Refs>
                            <InstrId>INNDNL2U20130821000019500000003</InstrId>
                            <EndToEndId>495028006046</EndToEndId>
                            <MndtId>1720000707044</MndtId>
                        </Refs>
                        <AmtDtls>
                            <TxAmt>
                                <Amt Ccy="EUR">26.93</Amt>
                            </TxAmt>
                        </AmtDtls>
                        <BkTxCd>
                            <Prtry>
                                <Cd>849</Cd>
                                <Issr>BNGBANK</Issr>
                            </Prtry>
                        </BkTxCd>
                        <RltdPties>
                            <Cdtr>
                                <Nm>Interpolis.</Nm>
                            </Cdtr>
                            <CdtrAcct>
                                <Id>
                                    <IBAN>NL75RABO0101000731</IBAN>
                                </Id>
                            </CdtrAcct>
                        </RltdPties>
                        <RltdAgts>
                            <CdtrAgt>
                                <FinInstnId>
                                    <BIC>RABONL2U</BIC>
                                </FinInstnId>
                            </CdtrAgt>
                        </RltdAgts>
                        <RmtInf>
                            <Ustrd>Alles in een Polis 00123456789 PERIODE 15.08.2021 - 15.09.2021</Ustrd>
                        </RmtInf>
                    </TxDtls>
                </NtryDtls>
                <AddtlNtryInf>/TRTP/SEPA Incasso/REMI/Alles in een Polis 00123456789 PERIODE 15.08.2021 -
                    15.09.2021/CSID/NL66BNGH01234567894/SVCL/CORE
                </AddtlNtryInf>
            </Ntry>
            <Ntry>
                <Amt Ccy="EUR">38.50</Amt>
                <CdtDbtInd>DBIT</CdtDbtInd>
                <Sts>BOOK</Sts>
                <BookgDt>
                    <Dt>2021-08-16</Dt>
                </BookgDt>
                <ValDt>
                    <Dt>2021-08-16</Dt>
                </ValDt>
                <AcctSvcrRef>212250962LX18W</AcctSvcrRef>
                <BkTxCd>
                    <Prtry>
                        <Cd>849</Cd>
                        <Issr>BNGBANK</Issr>
                    </Prtry>
                </BkTxCd>
                <NtryDtls>
                    <TxDtls>
                        <Refs>
                            <InstrId>INNDNL2U20130821000004500000445</InstrId>
                            <EndToEndId>475027906868</EndToEndId>
                            <MndtId>1840000652327</MndtId>
                        </Refs>
                        <AmtDtls>
                            <TxAmt>
                                <Amt Ccy="EUR">38.50</Amt>
                            </TxAmt>
                        </AmtDtls>
                        <BkTxCd>
                            <Prtry>
                                <Cd>849</Cd>
                                <Issr>BNGBANK</Issr>
                            </Prtry>
                        </BkTxCd>
                        <RltdPties>
                            <Cdtr>
                                <Nm>Zilveren Kruis Zorgverzekeringen NV</Nm>
                            </Cdtr>
                            <CdtrAcct>
                                <Id>
                                    <IBAN>NL58INGB0000003050</IBAN>
                                </Id>
                            </CdtrAcct>
                        </RltdPties>
                        <RltdAgts>
                            <CdtrAgt>
                                <FinInstnId>
                                    <BIC>INGBNL2A</BIC>
                                </FinInstnId>
                            </CdtrAgt>
                        </RltdAgts>
                        <RmtInf>
                            <Ustrd>Zilveren Kruis Afhandeling zorgkostennota s Ons kenmerk 123456789-2100008</Ustrd>
                        </RmtInf>
                    </TxDtls>
                </NtryDtls>
                <AddtlNtryInf>/TRTP/SEPA Incasso/REMI/Zilveren Kruis Afhandeling zorgkostennota s Ons kenmerk
                    123456789-2100008/CSID/NL66BNGH01234567890/SVCL/CORE
                </AddtlNtryInf>
            </Ntry>
            <Ntry>
                <Amt Ccy="EUR">40.00</Amt>
                <CdtDbtInd>DBIT</CdtDbtInd>
                <Sts>BOOK</Sts>
                <BookgDt>
                    <Dt>2021-08-16</Dt>
                </BookgDt>
                <ValDt>
                    <Dt>2021-08-16</Dt>
                </ValDt>
                <AcctSvcrRef>212250962M6HSB</AcctSvcrRef>
                <BkTxCd>
                    <Prtry>
                        <Cd>849</Cd>
                        <Issr>BNGBANK</Issr>
                    </Prtry>
                </BkTxCd>
                <NtryDtls>
                    <TxDtls>
                        <Refs>
                            <InstrId>INNDNL2U20130821000053000000271</InstrId>
                            <EndToEndId>100580261724</EndToEndId>
                            <MndtId>000011105873</MndtId>
                        </Refs>
                        <AmtDtls>
                            <TxAmt>
                                <Amt Ccy="EUR">40.00</Amt>
                            </TxAmt>
                        </AmtDtls>
                        <BkTxCd>
                            <Prtry>
                                <Cd>849</Cd>
                                <Issr>BNGBANK</Issr>
                            </Prtry>
                        </BkTxCd>
                        <RltdPties>
                            <Cdtr>
                                <Nm>ENERGIEDIRECT BV</Nm>
                            </Cdtr>
                            <CdtrAcct>
                                <Id>
                                    <IBAN>NL71ABNA0629639183</IBAN>
                                </Id>
                            </CdtrAcct>
                        </RltdPties>
                        <RltdAgts>
                            <CdtrAgt>
                                <FinInstnId>
                                    <BIC>ABNANL2A</BIC>
                                </FinInstnId>
                            </CdtrAgt>
                        </RltdAgts>
                        <RmtInf>
                            <Ustrd>100580261724/KLANT 123456789 KNMRK 200155474/FACT 123456789012 DAT. 06072021/Termijn
                                40,00
                            </Ustrd>
                        </RmtInf>
                    </TxDtls>
                </NtryDtls>
                <AddtlNtryInf>/TRTP/SEPA Incasso/REMI/100580261724/KLANT 123456789 KNMRK 200155474/FACT 123456789012
                    DAT. 06072021/Termijn 40,00/CSID/NL66BNGH01234567890/SVCL/CORE
                </AddtlNtryInf>
            </Ntry>
            <Ntry>
                <Amt Ccy="EUR">44.00</Amt>
                <CdtDbtInd>DBIT</CdtDbtInd>
                <Sts>BOOK</Sts>
                <BookgDt>
                    <Dt>2021-08-16</Dt>
                </BookgDt>
                <ValDt>
                    <Dt>2021-08-16</Dt>
                </ValDt>
                <AcctSvcrRef>212250BDGKM95N</AcctSvcrRef>
                <BkTxCd>
                    <Prtry>
                        <Cd>849</Cd>
                        <Issr>BNGBANK</Issr>
                    </Prtry>
                </BkTxCd>
                <NtryDtls>
                    <TxDtls>
                        <Refs>
                            <InstrId>INNDNL2U20130821000004500000007</InstrId>
                            <EndToEndId>85354677</EndToEndId>
                            <MndtId>3360982</MndtId>
                        </Refs>
                        <AmtDtls>
                            <TxAmt>
                                <Amt Ccy="EUR">44.00</Amt>
                            </TxAmt>
                        </AmtDtls>
                        <BkTxCd>
                            <Prtry>
                                <Cd>849</Cd>
                                <Issr>BNGBANK</Issr>
                            </Prtry>
                        </BkTxCd>
                        <RltdPties>
                            <Cdtr>
                                <Nm>GREENCHOICE</Nm>
                            </Cdtr>
                            <CdtrAcct>
                                <Id>
                                    <IBAN>NL18INGB0005309282</IBAN>
                                </Id>
                            </CdtrAcct>
                        </RltdPties>
                        <RltdAgts>
                            <CdtrAgt>
                                <FinInstnId>
                                    <BIC>INGBNL2A</BIC>
                                </FinInstnId>
                            </CdtrAgt>
                        </RltdAgts>
                        <RmtInf>
                            <Ustrd>Fact VS012345678 augustus Energie 1111AA 174 BTW: 21. 7,64</Ustrd>
                        </RmtInf>
                    </TxDtls>
                </NtryDtls>
                <AddtlNtryInf>/TRTP/SEPA Incasso/REMI/Fact VS012345678 augustus Energie 1111AA 174 BTW: 21.
                    7,64/CSID/NL66BNGH01234567890/SVCL/CORE
                </AddtlNtryInf>
            </Ntry>
            <Ntry>
                <Amt Ccy="EUR">67.71</Amt>
                <CdtDbtInd>DBIT</CdtDbtInd>
                <Sts>BOOK</Sts>
                <BookgDt>
                    <Dt>2021-08-16</Dt>
                </BookgDt>
                <ValDt>
                    <Dt>2021-08-16</Dt>
                </ValDt>
                <AcctSvcrRef>212250BDGKM737</AcctSvcrRef>
                <BkTxCd>
                    <Prtry>
                        <Cd>849</Cd>
                        <Issr>BNGBANK</Issr>
                    </Prtry>
                </BkTxCd>
                <NtryDtls>
                    <TxDtls>
                        <Refs>
                            <InstrId>INNDNL2U20130821000004500000256</InstrId>
                            <EndToEndId>000011193726588</EndToEndId>
                            <MndtId>M10021712739</MndtId>
                        </Refs>
                        <AmtDtls>
                            <TxAmt>
                                <Amt Ccy="EUR">67.71</Amt>
                            </TxAmt>
                        </AmtDtls>
                        <BkTxCd>
                            <Prtry>
                                <Cd>849</Cd>
                                <Issr>BNGBANK</Issr>
                            </Prtry>
                        </BkTxCd>
                        <RltdPties>
                            <Cdtr>
                                <Nm>KPN B.V.</Nm>
                            </Cdtr>
                            <CdtrAcct>
                                <Id>
                                    <IBAN>NL41INGB0000467598</IBAN>
                                </Id>
                            </CdtrAcct>
                        </RltdPties>
                        <RltdAgts>
                            <CdtrAgt>
                                <FinInstnId>
                                    <BIC>INGBNL2A</BIC>
                                </FinInstnId>
                            </CdtrAgt>
                        </RltdAgts>
                        <RmtInf>
                            <Ustrd>Factuur 11-08-2021 incl. 11,75 BTW, klantnummer 1234567890, kpn.com/thuisfactuur.
                            </Ustrd>
                        </RmtInf>
                    </TxDtls>
                </NtryDtls>
                <AddtlNtryInf>/TRTP/SEPA Incasso/REMI/Factuur 11-08-2021 incl. 11,75 BTW, klantnummer 1234567890,
                    kpn.com/thuisfactuur./CSID/NL66BNGH01234567891/SVCL/CORE
                </AddtlNtryInf>
            </Ntry>
            <Ntry>
                <Amt Ccy="EUR">81.00</Amt>
                <CdtDbtInd>DBIT</CdtDbtInd>
                <Sts>BOOK</Sts>
                <BookgDt>
                    <Dt>2021-08-16</Dt>
                </BookgDt>
                <ValDt>
                    <Dt>2021-08-16</Dt>
                </ValDt>
                <AcctSvcrRef>212250962QQ258</AcctSvcrRef>
                <BkTxCd>
                    <Prtry>
                        <Cd>849</Cd>
                        <Issr>BNGBANK</Issr>
                    </Prtry>
                </BkTxCd>
                <NtryDtls>
                    <TxDtls>
                        <Refs>
                            <InstrId>INNDNL2U20130821000250900000075</InstrId>
                            <EndToEndId>6000001234567890</EndToEndId>
                            <MndtId>3743243</MndtId>
                        </Refs>
                        <AmtDtls>
                            <TxAmt>
                                <Amt Ccy="EUR">81.00</Amt>
                            </TxAmt>
                        </AmtDtls>
                        <BkTxCd>
                            <Prtry>
                                <Cd>849</Cd>
                                <Issr>BNGBANK</Issr>
                            </Prtry>
                        </BkTxCd>
                        <RltdPties>
                            <Cdtr>
                                <Nm>ENECO SERVICES</Nm>
                            </Cdtr>
                            <CdtrAcct>
                                <Id>
                                    <IBAN>NL10ABNA0240120000</IBAN>
                                </Id>
                            </CdtrAcct>
                        </RltdPties>
                        <RltdAgts>
                            <CdtrAgt>
                                <FinInstnId>
                                    <BIC>ABNANL2A</BIC>
                                </FinInstnId>
                            </CdtrAgt>
                        </RltdAgts>
                        <RmtInf>
                            <Ustrd>Kenmerk 6000001234567890 Omschrijving Klantnummer 12345678-1 BTW 14.05 Periode
                                2021-08 Straatnaamstraatnaam 11 G
                            </Ustrd>
                        </RmtInf>
                    </TxDtls>
                </NtryDtls>
                <AddtlNtryInf>/TRTP/SEPA Incasso/REMI/Kenmerk 6000001234567890 Omschrijving Klantnummer 12345678-1 BTW
                    14.05 Periode 2021-08 Straatnaamstraatnaam 11 G/CSID/NL66BNGH01234567890/SVCL/CORE
                </AddtlNtryInf>
            </Ntry>
            <Ntry>
                <Amt Ccy="EUR">83.51</Amt>
                <CdtDbtInd>DBIT</CdtDbtInd>
                <Sts>BOOK</Sts>
                <BookgDt>
                    <Dt>2021-08-16</Dt>
                </BookgDt>
                <ValDt>
                    <Dt>2021-08-16</Dt>
                </ValDt>
                <AcctSvcrRef>212250BDGMGSPT</AcctSvcrRef>
                <BkTxCd>
                    <Prtry>
                        <Cd>849</Cd>
                        <Issr>BNGBANK</Issr>
                    </Prtry>
                </BkTxCd>
                <NtryDtls>
                    <TxDtls>
                        <Refs>
                            <InstrId>INNDNL2U20130821000163100000002</InstrId>
                            <EndToEndId>589U000789985013</EndToEndId>
                            <MndtId>101315896U</MndtId>
                        </Refs>
                        <AmtDtls>
                            <TxAmt>
                                <Amt Ccy="EUR">83.51</Amt>
                            </TxAmt>
                        </AmtDtls>
                        <BkTxCd>
                            <Prtry>
                                <Cd>849</Cd>
                                <Issr>BNGBANK</Issr>
                            </Prtry>
                        </BkTxCd>
                        <RltdPties>
                            <Cdtr>
                                <Nm>VODAFONE LIBERTEL BV</Nm>
                            </Cdtr>
                            <CdtrAcct>
                                <Id>
                                    <IBAN>NL93INGB0007939833</IBAN>
                                </Id>
                            </CdtrAcct>
                        </RltdPties>
                        <RltdAgts>
                            <CdtrAgt>
                                <FinInstnId>
                                    <BIC>INGBNL2A</BIC>
                                </FinInstnId>
                            </CdtrAgt>
                        </RltdAgts>
                        <RmtInf>
                            <Ustrd>Klant Nr XXXXXX459/XXXXXX480 Augustus Factuur Nr 123456789012 zie vodafone.nl/my
                            </Ustrd>
                        </RmtInf>
                    </TxDtls>
                </NtryDtls>
                <AddtlNtryInf>/TRTP/SEPA Incasso/REMI/Klant Nr XXXXXX459/XXXXXX480 Augustus Factuur Nr 123456789012 zie
                    vodafone.nl/my/CSID/NL66BNGH01234567890/SVCL/CORE
                </AddtlNtryInf>
            </Ntry>
            <Ntry>
                <Amt Ccy="EUR">85.00</Amt>
                <CdtDbtInd>DBIT</CdtDbtInd>
                <Sts>BOOK</Sts>
                <BookgDt>
                    <Dt>2021-08-16</Dt>
                </BookgDt>
                <ValDt>
                    <Dt>2021-08-16</Dt>
                </ValDt>
                <AcctSvcrRef>212250BDGPF8CG</AcctSvcrRef>
                <BkTxCd>
                    <Prtry>
                        <Cd>849</Cd>
                        <Issr>BNGBANK</Issr>
                    </Prtry>
                </BkTxCd>
                <NtryDtls>
                    <TxDtls>
                        <Refs>
                            <InstrId>INNDNL2U20130821000250900000074</InstrId>
                            <EndToEndId>3000001234567890</EndToEndId>
                            <MndtId>3743243</MndtId>
                        </Refs>
                        <AmtDtls>
                            <TxAmt>
                                <Amt Ccy="EUR">85.00</Amt>
                            </TxAmt>
                        </AmtDtls>
                        <BkTxCd>
                            <Prtry>
                                <Cd>849</Cd>
                                <Issr>BNGBANK</Issr>
                            </Prtry>
                        </BkTxCd>
                        <RltdPties>
                            <Cdtr>
                                <Nm>ENECO SERVICES</Nm>
                            </Cdtr>
                            <CdtrAcct>
                                <Id>
                                    <IBAN>NL10ABNA0240120000</IBAN>
                                </Id>
                            </CdtrAcct>
                        </RltdPties>
                        <RltdAgts>
                            <CdtrAgt>
                                <FinInstnId>
                                    <BIC>ABNANL2A</BIC>
                                </FinInstnId>
                            </CdtrAgt>
                        </RltdAgts>
                        <RmtInf>
                            <Ustrd>Kenmerk 3000001234567890 Omschrijving Klantnummer 87654321-1 BTW 14.76 Periode
                                2021-08 Straatnaamstraatnaamst 24 I
                            </Ustrd>
                        </RmtInf>
                    </TxDtls>
                </NtryDtls>
                <AddtlNtryInf>/TRTP/SEPA Incasso/REMI/Kenmerk 3000001234567890 Omschrijving Klantnummer 87654321-1 BTW
                    14.76 Periode 2021-08 Straatnaamstraatnaamst 24 I/CSID/NL66BNGH01234567890/SVCL/CORE
                </AddtlNtryInf>
            </Ntry>
            <Ntry>
                <Amt Ccy="EUR">100.00</Amt>
                <CdtDbtInd>DBIT</CdtDbtInd>
                <Sts>BOOK</Sts>
                <BookgDt>
                    <Dt>2021-08-16</Dt>
                </BookgDt>
                <ValDt>
                    <Dt>2021-08-16</Dt>
                </ValDt>
                <AcctSvcrRef>212250BDGPF838</AcctSvcrRef>
                <BkTxCd>
                    <Prtry>
                        <Cd>849</Cd>
                        <Issr>BNGBANK</Issr>
                    </Prtry>
                </BkTxCd>
                <NtryDtls>
                    <TxDtls>
                        <Refs>
                            <InstrId>INNDNL2U20130821000250900000046</InstrId>
                            <EndToEndId>1000001234567890</EndToEndId>
                            <MndtId>3743243</MndtId>
                        </Refs>
                        <AmtDtls>
                            <TxAmt>
                                <Amt Ccy="EUR">100.00</Amt>
                            </TxAmt>
                        </AmtDtls>
                        <BkTxCd>
                            <Prtry>
                                <Cd>849</Cd>
                                <Issr>BNGBANK</Issr>
                            </Prtry>
                        </BkTxCd>
                        <RltdPties>
                            <Cdtr>
                                <Nm>ENECO SERVICES</Nm>
                            </Cdtr>
                            <CdtrAcct>
                                <Id>
                                    <IBAN>NL10ABNA0240120000</IBAN>
                                </Id>
                            </CdtrAcct>
                        </RltdPties>
                        <RltdAgts>
                            <CdtrAgt>
                                <FinInstnId>
                                    <BIC>ABNANL2A</BIC>
                                </FinInstnId>
                            </CdtrAgt>
                        </RltdAgts>
                        <RmtInf>
                            <Ustrd>Kenmerk 1000001234567890 Omschrijving Klantnummer 23456789-1 BTW 17.36 Periode
                                2021-08 Straatnaamstraatn 176 UTRECHT
                            </Ustrd>
                        </RmtInf>
                    </TxDtls>
                </NtryDtls>
                <AddtlNtryInf>/TRTP/SEPA Incasso/REMI/Kenmerk 1000001234567890 Omschrijving Klantnummer 23456789-1 BTW
                    17.36 Periode 2021-08 Straatnaamstraatn 176 UTRECHT/CSID/NL66BNGH01234567890/SVCL/CORE
                </AddtlNtryInf>
            </Ntry>
            <Ntry>
                <Amt Ccy="EUR">104.90</Amt>
                <CdtDbtInd>DBIT</CdtDbtInd>
                <Sts>BOOK</Sts>
                <BookgDt>
                    <Dt>2021-08-16</Dt>
                </BookgDt>
                <ValDt>
                    <Dt>2021-08-16</Dt>
                </ValDt>
                <AcctSvcrRef>212250962LX2SS</AcctSvcrRef>
                <BkTxCd>
                    <Prtry>
                        <Cd>849</Cd>
                        <Issr>BNGBANK</Issr>
                    </Prtry>
                </BkTxCd>
                <NtryDtls>
                    <TxDtls>
                        <Refs>
                            <InstrId>INNDNL2U20130821000004500000102</InstrId>
                            <EndToEndId>030419495053000</EndToEndId>
                            <MndtId>001234567800120042021000000740</MndtId>
                        </Refs>
                        <AmtDtls>
                            <TxAmt>
                                <Amt Ccy="EUR">104.90</Amt>
                            </TxAmt>
                        </AmtDtls>
                        <BkTxCd>
                            <Prtry>
                                <Cd>849</Cd>
                                <Issr>BNGBANK</Issr>
                            </Prtry>
                        </BkTxCd>
                        <RltdPties>
                            <Cdtr>
                                <Nm>ZIGGO SERVICES BV</Nm>
                            </Cdtr>
                            <CdtrAcct>
                                <Id>
                                    <IBAN>NL98INGB0000845745</IBAN>
                                </Id>
                            </CdtrAcct>
                        </RltdPties>
                        <RltdAgts>
                            <CdtrAgt>
                                <FinInstnId>
                                    <BIC>INGBNL2A</BIC>
                                </FinInstnId>
                            </CdtrAgt>
                        </RltdAgts>
                        <RmtInf>
                            <Ustrd>Je klantnummer 12345678 Je factuurnummer 123456789 Factuurdatum 06 Augustus 2021.
                                Factuur zien, Check: ziggo.nl/mijnziggo
                            </Ustrd>
                        </RmtInf>
                    </TxDtls>
                </NtryDtls>
                <AddtlNtryInf>/TRTP/SEPA Incasso/REMI/Je klantnummer 12345678 Je factuurnummer 123456789 Factuurdatum 06
                    Augustus 2021. Factuur zien, Check: ziggo.nl/mijnziggo/CSID/NL66BNGH01234567890/SVCL/CORE
                </AddtlNtryInf>
            </Ntry>
            <Ntry>
                <Amt Ccy="EUR">149.00</Amt>
                <CdtDbtInd>DBIT</CdtDbtInd>
                <Sts>BOOK</Sts>
                <BookgDt>
                    <Dt>2021-08-16</Dt>
                </BookgDt>
                <ValDt>
                    <Dt>2021-08-16</Dt>
                </ValDt>
                <AcctSvcrRef>212250BDGKM9N9</AcctSvcrRef>
                <BkTxCd>
                    <Prtry>
                        <Cd>849</Cd>
                        <Issr>BNGBANK</Issr>
                    </Prtry>
                </BkTxCd>
                <NtryDtls>
                    <TxDtls>
                        <Refs>
                            <InstrId>INNDNL2U20130821000004500000006</InstrId>
                            <EndToEndId>85335254</EndToEndId>
                            <MndtId>3357278</MndtId>
                        </Refs>
                        <AmtDtls>
                            <TxAmt>
                                <Amt Ccy="EUR">149.00</Amt>
                            </TxAmt>
                        </AmtDtls>
                        <BkTxCd>
                            <Prtry>
                                <Cd>849</Cd>
                                <Issr>BNGBANK</Issr>
                            </Prtry>
                        </BkTxCd>
                        <RltdPties>
                            <Cdtr>
                                <Nm>GREENCHOICE</Nm>
                            </Cdtr>
                            <CdtrAcct>
                                <Id>
                                    <IBAN>NL18INGB0005309282</IBAN>
                                </Id>
                            </CdtrAcct>
                        </RltdPties>
                        <RltdAgts>
                            <CdtrAgt>
                                <FinInstnId>
                                    <BIC>INGBNL2A</BIC>
                                </FinInstnId>
                            </CdtrAgt>
                        </RltdAgts>
                        <RmtInf>
                            <Ustrd>Fact VS090860700 augustus Energie 1111AA 65 BTW: 21. 25,86</Ustrd>
                        </RmtInf>
                    </TxDtls>
                </NtryDtls>
                <AddtlNtryInf>/TRTP/SEPA Incasso/REMI/Fact VS090860700 augustus Energie 1111AA 65 BTW: 21.
                    25,86/CSID/NL66BNGH01234567890/SVCL/CORE
                </AddtlNtryInf>
            </Ntry>
            <Ntry>
                <Amt Ccy="EUR">170.00</Amt>
                <CdtDbtInd>DBIT</CdtDbtInd>
                <Sts>BOOK</Sts>
                <BookgDt>
                    <Dt>2021-08-16</Dt>
                </BookgDt>
                <ValDt>
                    <Dt>2021-08-16</Dt>
                </ValDt>
                <AcctSvcrRef>212250BDGPF87P</AcctSvcrRef>
                <BkTxCd>
                    <Prtry>
                        <Cd>849</Cd>
                        <Issr>BNGBANK</Issr>
                    </Prtry>
                </BkTxCd>
                <NtryDtls>
                    <TxDtls>
                        <Refs>
                            <InstrId>INNDNL2U20130821000250900000002</InstrId>
                            <EndToEndId>4000001234567890</EndToEndId>
                            <MndtId>3743243</MndtId>
                        </Refs>
                        <AmtDtls>
                            <TxAmt>
                                <Amt Ccy="EUR">170.00</Amt>
                            </TxAmt>
                        </AmtDtls>
                        <BkTxCd>
                            <Prtry>
                                <Cd>849</Cd>
                                <Issr>BNGBANK</Issr>
                            </Prtry>
                        </BkTxCd>
                        <RltdPties>
                            <Cdtr>
                                <Nm>ENECO SERVICES</Nm>
                            </Cdtr>
                            <CdtrAcct>
                                <Id>
                                    <IBAN>NL10ABNA0240120000</IBAN>
                                </Id>
                            </CdtrAcct>
                        </RltdPties>
                        <RltdAgts>
                            <CdtrAgt>
                                <FinInstnId>
                                    <BIC>ABNANL2A</BIC>
                                </FinInstnId>
                            </CdtrAgt>
                        </RltdAgts>
                        <RmtInf>
                            <Ustrd>Kenmerk 4000001234567890 Omschrijving Klantnummer 34567-2 BTW 29.50 Periode 2021-08
                                Straatnaamstraatnaamstr 64
                            </Ustrd>
                        </RmtInf>
                    </TxDtls>
                </NtryDtls>
                <AddtlNtryInf>/TRTP/SEPA Incasso/REMI/Kenmerk 4000001234567890 Omschrijving Klantnummer 34567-2 BTW
                    29.50 Periode 2021-08 Straatnaamstraatnaamstr 64/CSID/NL66BNGH01234567890/SVCL/CORE
                </AddtlNtryInf>
            </Ntry>
            <Ntry>
                <Amt Ccy="EUR">183.00</Amt>
                <CdtDbtInd>DBIT</CdtDbtInd>
                <Sts>BOOK</Sts>
                <BookgDt>
                    <Dt>2021-08-16</Dt>
                </BookgDt>
                <ValDt>
                    <Dt>2021-08-16</Dt>
                </ValDt>
                <AcctSvcrRef>212250BDGPF879</AcctSvcrRef>
                <BkTxCd>
                    <Prtry>
                        <Cd>849</Cd>
                        <Issr>BNGBANK</Issr>
                    </Prtry>
                </BkTxCd>
                <NtryDtls>
                    <TxDtls>
                        <Refs>
                            <InstrId>INNDNL2U20130821000250900000003</InstrId>
                            <EndToEndId>4000001234567890</EndToEndId>
                            <MndtId>3743243</MndtId>
                        </Refs>
                        <AmtDtls>
                            <TxAmt>
                                <Amt Ccy="EUR">183.00</Amt>
                            </TxAmt>
                        </AmtDtls>
                        <BkTxCd>
                            <Prtry>
                                <Cd>849</Cd>
                                <Issr>BNGBANK</Issr>
                            </Prtry>
                        </BkTxCd>
                        <RltdPties>
                            <Cdtr>
                                <Nm>ENECO SERVICES</Nm>
                            </Cdtr>
                            <CdtrAcct>
                                <Id>
                                    <IBAN>NL10ABNA0240120000</IBAN>
                                </Id>
                            </CdtrAcct>
                        </RltdPties>
                        <RltdAgts>
                            <CdtrAgt>
                                <FinInstnId>
                                    <BIC>ABNANL2A</BIC>
                                </FinInstnId>
                            </CdtrAgt>
                        </RltdAgts>
                        <RmtInf>
                            <Ustrd>Kenmerk 4000001234567890 Omschrijving Klantnummer 45678-2 BTW 31.76 Periode 2021-08
                                Straatnaamstraatn 29 UTRECHT
                            </Ustrd>
                        </RmtInf>
                    </TxDtls>
                </NtryDtls>
                <AddtlNtryInf>/TRTP/SEPA Incasso/REMI/Kenmerk 4000001234567890 Omschrijving Klantnummer 45678-2 BTW
                    31.76 Periode 2021-08 Straatnaamstraatn 29 UTRECHT/CSID/NL66BNGH01234567890/SVCL/CORE
                </AddtlNtryInf>
            </Ntry>
            <Ntry>
                <Amt Ccy="EUR">317.58</Amt>
                <CdtDbtInd>DBIT</CdtDbtInd>
                <Sts>BOOK</Sts>
                <BookgDt>
                    <Dt>2021-08-16</Dt>
                </BookgDt>
                <ValDt>
                    <Dt>2021-08-16</Dt>
                </ValDt>
                <AcctSvcrRef>212250962LX155</AcctSvcrRef>
                <BkTxCd>
                    <Prtry>
                        <Cd>849</Cd>
                        <Issr>BNGBANK</Issr>
                    </Prtry>
                </BkTxCd>
                <NtryDtls>
                    <TxDtls>
                        <Refs>
                            <InstrId>INNDNL2U20130821000004500000206</InstrId>
                            <EndToEndId>10022550913</EndToEndId>
                            <MndtId>689155</MndtId>
                        </Refs>
                        <AmtDtls>
                            <TxAmt>
                                <Amt Ccy="EUR">317.58</Amt>
                            </TxAmt>
                        </AmtDtls>
                        <BkTxCd>
                            <Prtry>
                                <Cd>849</Cd>
                                <Issr>BNGBANK</Issr>
                            </Prtry>
                        </BkTxCd>
                        <RltdPties>
                            <Cdtr>
                                <Nm>ZORGVERZEKERAAR ZORG EN ZEKERHEID UA</Nm>
                            </Cdtr>
                            <CdtrAcct>
                                <Id>
                                    <IBAN>NL28INGB0000128526</IBAN>
                                </Id>
                            </CdtrAcct>
                        </RltdPties>
                        <RltdAgts>
                            <CdtrAgt>
                                <FinInstnId>
                                    <BIC>INGBNL2A</BIC>
                                </FinInstnId>
                            </CdtrAgt>
                        </RltdAgts>
                        <RmtInf>
                            <Ustrd>Augustus 2021 t/m augustus 2021</Ustrd>
                        </RmtInf>
                    </TxDtls>
                </NtryDtls>
                <AddtlNtryInf>/TRTP/SEPA Incasso/REMI/Augustus 2021 t/m augustus
                    2021/CSID/NL66BNGH01234567890/SVCL/CORE
                </AddtlNtryInf>
            </Ntry>
            <Ntry>
                <Amt Ccy="EUR">5310.43</Amt>
                <CdtDbtInd>DBIT</CdtDbtInd>
                <Sts>BOOK</Sts>
                <BookgDt>
                    <Dt>2021-08-16</Dt>
                </BookgDt>
                <ValDt>
                    <Dt>2021-08-16</Dt>
                </ValDt>
                <AcctSvcrRef>102918435</AcctSvcrRef>
                <BkTxCd>
                    <Prtry>
                        <Cd>864</Cd>
                        <Issr>BNGBANK</Issr>
                    </Prtry>
                </BkTxCd>
                <NtryDtls>
                    <Btch>
                        <PmtInfId>HHB Utrecht B000708</PmtInfId>
                        <NbOfTxs>23</NbOfTxs>
                        <TtlAmt Ccy="EUR">5310.43</TtlAmt>
                        <CdtDbtInd>DBIT</CdtDbtInd>
                    </Btch>
                </NtryDtls>
                <AddtlNtryInf>/TRTP/SEPA betaalbatch via BNG BTV/NRTX/23/SHA1/F40F0/PREF/HHB Utrecht B000708
                </AddtlNtryInf>
            </Ntry>
        </Stmt>
    </BkToCstmrStmt>
</Document>
