<?xml version="1.0" encoding="UTF-8"?>
<Document xmlns="urn:iso:std:iso:20022:tech:xsd:pain.001.001.03" xmlns:xsi="http://www.w3.org/2001/XMLSchema-instance">
    <CstmrCdtTrfInitn>
        <GrpHdr>
            <MsgId>20210609032148-9018f2264c9c</MsgId>
            <CreDtTm>2021-06-09T15:21:48</CreDtTm>
            <NbOfTxs>25</NbOfTxs>
            <CtrlSum>23498.50</CtrlSum>
            <InitgPty>
                <Nm>Huishoudboekje Gemeente Sloothuizen Huishoudboekje</Nm>
            </InitgPty>
        </GrpHdr>
        <PmtInf>
            <PmtInfId>HuishoudboekjeGemeente-eef21be15210</PmtInfId>
            <PmtMtd>TRF</PmtMtd>
            <BtchBookg>false</BtchBookg>
            <NbOfTxs>1</NbOfTxs>
            <CtrlSum>939.94</CtrlSum>
            <PmtTpInf>
                <SvcLvl>
                    <Cd>SEPA</Cd>
                </SvcLvl>
            </PmtTpInf>
            <ReqdExctnDt>2019-01-25</ReqdExctnDt>
            <Dbtr>
                <Nm>Huishoudboekje Gemeente Sloothuizen Huishoudboekje</Nm>
            </Dbtr>
            <DbtrAcct>
                <Id>
                    <IBAN>NL36ABNA5632579034</IBAN>
                </Id>
            </DbtrAcct>
            <DbtrAgt>
                <FinInstnId>
                    <BIC>ABNANL2A</BIC>
                </FinInstnId>
            </DbtrAgt>
            <ChrgBr>SLEV</ChrgBr>
            <CdtTrfTxInf>
                <PmtId>
                    <EndToEndId>NOTPROVIDED</EndToEndId>
                </PmtId>
                <Amt>
                    <InstdAmt Ccy="EUR">939.94</InstdAmt>
                </Amt>
                <Cdtr>
                    <Nm>Wit</Nm>
                </Cdtr>
                <CdtrAcct>
                    <Id>
                        <IBAN>NL04BANK0000040244</IBAN>
                    </Id>
                </CdtrAcct>
                <RmtInf>
                    <Ustrd>Leefgeld</Ustrd>
                </RmtInf>
            </CdtTrfTxInf>
        </PmtInf>
        <PmtInf>
            <PmtInfId>HuishoudboekjeGemeente-a2df780ae1d0</PmtInfId>
            <PmtMtd>TRF</PmtMtd>
            <BtchBookg>false</BtchBookg>
            <NbOfTxs>1</NbOfTxs>
            <CtrlSum>939.94</CtrlSum>
            <PmtTpInf>
                <SvcLvl>
                    <Cd>SEPA</Cd>
                </SvcLvl>
            </PmtTpInf>
            <ReqdExctnDt>2019-02-25</ReqdExctnDt>
            <Dbtr>
                <Nm>Huishoudboekje Gemeente Sloothuizen Huishoudboekje</Nm>
            </Dbtr>
            <DbtrAcct>
                <Id>
                    <IBAN>NL36ABNA5632579034</IBAN>
                </Id>
            </DbtrAcct>
            <DbtrAgt>
                <FinInstnId>
                    <BIC>ABNANL2A</BIC>
                </FinInstnId>
            </DbtrAgt>
            <ChrgBr>SLEV</ChrgBr>
            <CdtTrfTxInf>
                <PmtId>
                    <EndToEndId>NOTPROVIDED</EndToEndId>
                </PmtId>
                <Amt>
                    <InstdAmt Ccy="EUR">939.94</InstdAmt>
                </Amt>
                <Cdtr>
                    <Nm>Wit</Nm>
                </Cdtr>
                <CdtrAcct>
                    <Id>
                        <IBAN>NL04BANK0000040244</IBAN>
                    </Id>
                </CdtrAcct>
                <RmtInf>
                    <Ustrd>Leefgeld</Ustrd>
                </RmtInf>
            </CdtTrfTxInf>
        </PmtInf>
        <PmtInf>
            <PmtInfId>HuishoudboekjeGemeente-b83754476c8a</PmtInfId>
            <PmtMtd>TRF</PmtMtd>
            <BtchBookg>false</BtchBookg>
            <NbOfTxs>1</NbOfTxs>
            <CtrlSum>939.94</CtrlSum>
            <PmtTpInf>
                <SvcLvl>
                    <Cd>SEPA</Cd>
                </SvcLvl>
            </PmtTpInf>
            <ReqdExctnDt>2019-03-25</ReqdExctnDt>
            <Dbtr>
                <Nm>Huishoudboekje Gemeente Sloothuizen Huishoudboekje</Nm>
            </Dbtr>
            <DbtrAcct>
                <Id>
                    <IBAN>NL36ABNA5632579034</IBAN>
                </Id>
            </DbtrAcct>
            <DbtrAgt>
                <FinInstnId>
                    <BIC>ABNANL2A</BIC>
                </FinInstnId>
            </DbtrAgt>
            <ChrgBr>SLEV</ChrgBr>
            <CdtTrfTxInf>
                <PmtId>
                    <EndToEndId>NOTPROVIDED</EndToEndId>
                </PmtId>
                <Amt>
                    <InstdAmt Ccy="EUR">939.94</InstdAmt>
                </Amt>
                <Cdtr>
                    <Nm>Wit</Nm>
                </Cdtr>
                <CdtrAcct>
                    <Id>
                        <IBAN>NL04BANK0000040244</IBAN>
                    </Id>
                </CdtrAcct>
                <RmtInf>
                    <Ustrd>Leefgeld</Ustrd>
                </RmtInf>
            </CdtTrfTxInf>
        </PmtInf>
        <PmtInf>
            <PmtInfId>HuishoudboekjeGemeente-725bedebe01a</PmtInfId>
            <PmtMtd>TRF</PmtMtd>
            <BtchBookg>false</BtchBookg>
            <NbOfTxs>1</NbOfTxs>
            <CtrlSum>939.94</CtrlSum>
            <PmtTpInf>
                <SvcLvl>
                    <Cd>SEPA</Cd>
                </SvcLvl>
            </PmtTpInf>
            <ReqdExctnDt>2019-04-25</ReqdExctnDt>
            <Dbtr>
                <Nm>Huishoudboekje Gemeente Sloothuizen Huishoudboekje</Nm>
            </Dbtr>
            <DbtrAcct>
                <Id>
                    <IBAN>NL36ABNA5632579034</IBAN>
                </Id>
            </DbtrAcct>
            <DbtrAgt>
                <FinInstnId>
                    <BIC>ABNANL2A</BIC>
                </FinInstnId>
            </DbtrAgt>
            <ChrgBr>SLEV</ChrgBr>
            <CdtTrfTxInf>
                <PmtId>
                    <EndToEndId>NOTPROVIDED</EndToEndId>
                </PmtId>
                <Amt>
                    <InstdAmt Ccy="EUR">939.94</InstdAmt>
                </Amt>
                <Cdtr>
                    <Nm>Wit</Nm>
                </Cdtr>
                <CdtrAcct>
                    <Id>
                        <IBAN>NL04BANK0000040244</IBAN>
                    </Id>
                </CdtrAcct>
                <RmtInf>
                    <Ustrd>Leefgeld</Ustrd>
                </RmtInf>
            </CdtTrfTxInf>
        </PmtInf>
        <PmtInf>
            <PmtInfId>HuishoudboekjeGemeente-40c0d4ad7548</PmtInfId>
            <PmtMtd>TRF</PmtMtd>
            <BtchBookg>false</BtchBookg>
            <NbOfTxs>1</NbOfTxs>
            <CtrlSum>939.94</CtrlSum>
            <PmtTpInf>
                <SvcLvl>
                    <Cd>SEPA</Cd>
                </SvcLvl>
            </PmtTpInf>
            <ReqdExctnDt>2019-05-25</ReqdExctnDt>
            <Dbtr>
                <Nm>Huishoudboekje Gemeente Sloothuizen Huishoudboekje</Nm>
            </Dbtr>
            <DbtrAcct>
                <Id>
                    <IBAN>NL36ABNA5632579034</IBAN>
                </Id>
            </DbtrAcct>
            <DbtrAgt>
                <FinInstnId>
                    <BIC>ABNANL2A</BIC>
                </FinInstnId>
            </DbtrAgt>
            <ChrgBr>SLEV</ChrgBr>
            <CdtTrfTxInf>
                <PmtId>
                    <EndToEndId>NOTPROVIDED</EndToEndId>
                </PmtId>
                <Amt>
                    <InstdAmt Ccy="EUR">939.94</InstdAmt>
                </Amt>
                <Cdtr>
                    <Nm>Wit</Nm>
                </Cdtr>
                <CdtrAcct>
                    <Id>
                        <IBAN>NL04BANK0000040244</IBAN>
                    </Id>
                </CdtrAcct>
                <RmtInf>
                    <Ustrd>Leefgeld</Ustrd>
                </RmtInf>
            </CdtTrfTxInf>
        </PmtInf>
        <PmtInf>
            <PmtInfId>HuishoudboekjeGemeente-43b18b2cacb6</PmtInfId>
            <PmtMtd>TRF</PmtMtd>
            <BtchBookg>false</BtchBookg>
            <NbOfTxs>1</NbOfTxs>
            <CtrlSum>939.94</CtrlSum>
            <PmtTpInf>
                <SvcLvl>
                    <Cd>SEPA</Cd>
                </SvcLvl>
            </PmtTpInf>
            <ReqdExctnDt>2019-06-25</ReqdExctnDt>
            <Dbtr>
                <Nm>Huishoudboekje Gemeente Sloothuizen Huishoudboekje</Nm>
            </Dbtr>
            <DbtrAcct>
                <Id>
                    <IBAN>NL36ABNA5632579034</IBAN>
                </Id>
            </DbtrAcct>
            <DbtrAgt>
                <FinInstnId>
                    <BIC>ABNANL2A</BIC>
                </FinInstnId>
            </DbtrAgt>
            <ChrgBr>SLEV</ChrgBr>
            <CdtTrfTxInf>
                <PmtId>
                    <EndToEndId>NOTPROVIDED</EndToEndId>
                </PmtId>
                <Amt>
                    <InstdAmt Ccy="EUR">939.94</InstdAmt>
                </Amt>
                <Cdtr>
                    <Nm>Wit</Nm>
                </Cdtr>
                <CdtrAcct>
                    <Id>
                        <IBAN>NL04BANK0000040244</IBAN>
                    </Id>
                </CdtrAcct>
                <RmtInf>
                    <Ustrd>Leefgeld</Ustrd>
                </RmtInf>
            </CdtTrfTxInf>
        </PmtInf>
        <PmtInf>
            <PmtInfId>HuishoudboekjeGemeente-a25a96f8811e</PmtInfId>
            <PmtMtd>TRF</PmtMtd>
            <BtchBookg>false</BtchBookg>
            <NbOfTxs>1</NbOfTxs>
            <CtrlSum>939.94</CtrlSum>
            <PmtTpInf>
                <SvcLvl>
                    <Cd>SEPA</Cd>
                </SvcLvl>
            </PmtTpInf>
            <ReqdExctnDt>2019-07-25</ReqdExctnDt>
            <Dbtr>
                <Nm>Huishoudboekje Gemeente Sloothuizen Huishoudboekje</Nm>
            </Dbtr>
            <DbtrAcct>
                <Id>
                    <IBAN>NL36ABNA5632579034</IBAN>
                </Id>
            </DbtrAcct>
            <DbtrAgt>
                <FinInstnId>
                    <BIC>ABNANL2A</BIC>
                </FinInstnId>
            </DbtrAgt>
            <ChrgBr>SLEV</ChrgBr>
            <CdtTrfTxInf>
                <PmtId>
                    <EndToEndId>NOTPROVIDED</EndToEndId>
                </PmtId>
                <Amt>
                    <InstdAmt Ccy="EUR">939.94</InstdAmt>
                </Amt>
                <Cdtr>
                    <Nm>Wit</Nm>
                </Cdtr>
                <CdtrAcct>
                    <Id>
                        <IBAN>NL04BANK0000040244</IBAN>
                    </Id>
                </CdtrAcct>
                <RmtInf>
                    <Ustrd>Leefgeld</Ustrd>
                </RmtInf>
            </CdtTrfTxInf>
        </PmtInf>
        <PmtInf>
            <PmtInfId>HuishoudboekjeGemeente-4cdb5bbc0eee</PmtInfId>
            <PmtMtd>TRF</PmtMtd>
            <BtchBookg>false</BtchBookg>
            <NbOfTxs>1</NbOfTxs>
            <CtrlSum>939.94</CtrlSum>
            <PmtTpInf>
                <SvcLvl>
                    <Cd>SEPA</Cd>
                </SvcLvl>
            </PmtTpInf>
            <ReqdExctnDt>2019-08-25</ReqdExctnDt>
            <Dbtr>
                <Nm>Huishoudboekje Gemeente Sloothuizen Huishoudboekje</Nm>
            </Dbtr>
            <DbtrAcct>
                <Id>
                    <IBAN>NL36ABNA5632579034</IBAN>
                </Id>
            </DbtrAcct>
            <DbtrAgt>
                <FinInstnId>
                    <BIC>ABNANL2A</BIC>
                </FinInstnId>
            </DbtrAgt>
            <ChrgBr>SLEV</ChrgBr>
            <CdtTrfTxInf>
                <PmtId>
                    <EndToEndId>NOTPROVIDED</EndToEndId>
                </PmtId>
                <Amt>
                    <InstdAmt Ccy="EUR">939.94</InstdAmt>
                </Amt>
                <Cdtr>
                    <Nm>Wit</Nm>
                </Cdtr>
                <CdtrAcct>
                    <Id>
                        <IBAN>NL04BANK0000040244</IBAN>
                    </Id>
                </CdtrAcct>
                <RmtInf>
                    <Ustrd>Leefgeld</Ustrd>
                </RmtInf>
            </CdtTrfTxInf>
        </PmtInf>
        <PmtInf>
            <PmtInfId>HuishoudboekjeGemeente-952e8119704a</PmtInfId>
            <PmtMtd>TRF</PmtMtd>
            <BtchBookg>false</BtchBookg>
            <NbOfTxs>1</NbOfTxs>
            <CtrlSum>939.94</CtrlSum>
            <PmtTpInf>
                <SvcLvl>
                    <Cd>SEPA</Cd>
                </SvcLvl>
            </PmtTpInf>
            <ReqdExctnDt>2019-09-25</ReqdExctnDt>
            <Dbtr>
                <Nm>Huishoudboekje Gemeente Sloothuizen Huishoudboekje</Nm>
            </Dbtr>
            <DbtrAcct>
                <Id>
                    <IBAN>NL36ABNA5632579034</IBAN>
                </Id>
            </DbtrAcct>
            <DbtrAgt>
                <FinInstnId>
                    <BIC>ABNANL2A</BIC>
                </FinInstnId>
            </DbtrAgt>
            <ChrgBr>SLEV</ChrgBr>
            <CdtTrfTxInf>
                <PmtId>
                    <EndToEndId>NOTPROVIDED</EndToEndId>
                </PmtId>
                <Amt>
                    <InstdAmt Ccy="EUR">939.94</InstdAmt>
                </Amt>
                <Cdtr>
                    <Nm>Wit</Nm>
                </Cdtr>
                <CdtrAcct>
                    <Id>
                        <IBAN>NL04BANK0000040244</IBAN>
                    </Id>
                </CdtrAcct>
                <RmtInf>
                    <Ustrd>Leefgeld</Ustrd>
                </RmtInf>
            </CdtTrfTxInf>
        </PmtInf>
        <PmtInf>
            <PmtInfId>HuishoudboekjeGemeente-17b25016f2b0</PmtInfId>
            <PmtMtd>TRF</PmtMtd>
            <BtchBookg>false</BtchBookg>
            <NbOfTxs>1</NbOfTxs>
            <CtrlSum>939.94</CtrlSum>
            <PmtTpInf>
                <SvcLvl>
                    <Cd>SEPA</Cd>
                </SvcLvl>
            </PmtTpInf>
            <ReqdExctnDt>2019-10-25</ReqdExctnDt>
            <Dbtr>
                <Nm>Huishoudboekje Gemeente Sloothuizen Huishoudboekje</Nm>
            </Dbtr>
            <DbtrAcct>
                <Id>
                    <IBAN>NL36ABNA5632579034</IBAN>
                </Id>
            </DbtrAcct>
            <DbtrAgt>
                <FinInstnId>
                    <BIC>ABNANL2A</BIC>
                </FinInstnId>
            </DbtrAgt>
            <ChrgBr>SLEV</ChrgBr>
            <CdtTrfTxInf>
                <PmtId>
                    <EndToEndId>NOTPROVIDED</EndToEndId>
                </PmtId>
                <Amt>
                    <InstdAmt Ccy="EUR">939.94</InstdAmt>
                </Amt>
                <Cdtr>
                    <Nm>Wit</Nm>
                </Cdtr>
                <CdtrAcct>
                    <Id>
                        <IBAN>NL04BANK0000040244</IBAN>
                    </Id>
                </CdtrAcct>
                <RmtInf>
                    <Ustrd>Leefgeld</Ustrd>
                </RmtInf>
            </CdtTrfTxInf>
        </PmtInf>
        <PmtInf>
            <PmtInfId>HuishoudboekjeGemeente-3f0009a81564</PmtInfId>
            <PmtMtd>TRF</PmtMtd>
            <BtchBookg>false</BtchBookg>
            <NbOfTxs>1</NbOfTxs>
            <CtrlSum>939.94</CtrlSum>
            <PmtTpInf>
                <SvcLvl>
                    <Cd>SEPA</Cd>
                </SvcLvl>
            </PmtTpInf>
            <ReqdExctnDt>2019-11-25</ReqdExctnDt>
            <Dbtr>
                <Nm>Huishoudboekje Gemeente Sloothuizen Huishoudboekje</Nm>
            </Dbtr>
            <DbtrAcct>
                <Id>
                    <IBAN>NL36ABNA5632579034</IBAN>
                </Id>
            </DbtrAcct>
            <DbtrAgt>
                <FinInstnId>
                    <BIC>ABNANL2A</BIC>
                </FinInstnId>
            </DbtrAgt>
            <ChrgBr>SLEV</ChrgBr>
            <CdtTrfTxInf>
                <PmtId>
                    <EndToEndId>NOTPROVIDED</EndToEndId>
                </PmtId>
                <Amt>
                    <InstdAmt Ccy="EUR">939.94</InstdAmt>
                </Amt>
                <Cdtr>
                    <Nm>Wit</Nm>
                </Cdtr>
                <CdtrAcct>
                    <Id>
                        <IBAN>NL04BANK0000040244</IBAN>
                    </Id>
                </CdtrAcct>
                <RmtInf>
                    <Ustrd>Leefgeld</Ustrd>
                </RmtInf>
            </CdtTrfTxInf>
        </PmtInf>
        <PmtInf>
            <PmtInfId>HuishoudboekjeGemeente-7487118975a0</PmtInfId>
            <PmtMtd>TRF</PmtMtd>
            <BtchBookg>false</BtchBookg>
            <NbOfTxs>1</NbOfTxs>
            <CtrlSum>939.94</CtrlSum>
            <PmtTpInf>
                <SvcLvl>
                    <Cd>SEPA</Cd>
                </SvcLvl>
            </PmtTpInf>
            <ReqdExctnDt>2019-12-25</ReqdExctnDt>
            <Dbtr>
                <Nm>Huishoudboekje Gemeente Sloothuizen Huishoudboekje</Nm>
            </Dbtr>
            <DbtrAcct>
                <Id>
                    <IBAN>NL36ABNA5632579034</IBAN>
                </Id>
            </DbtrAcct>
            <DbtrAgt>
                <FinInstnId>
                    <BIC>ABNANL2A</BIC>
                </FinInstnId>
            </DbtrAgt>
            <ChrgBr>SLEV</ChrgBr>
            <CdtTrfTxInf>
                <PmtId>
                    <EndToEndId>NOTPROVIDED</EndToEndId>
                </PmtId>
                <Amt>
                    <InstdAmt Ccy="EUR">939.94</InstdAmt>
                </Amt>
                <Cdtr>
                    <Nm>Wit</Nm>
                </Cdtr>
                <CdtrAcct>
                    <Id>
                        <IBAN>NL04BANK0000040244</IBAN>
                    </Id>
                </CdtrAcct>
                <RmtInf>
                    <Ustrd>Leefgeld</Ustrd>
                </RmtInf>
            </CdtTrfTxInf>
        </PmtInf>
        <PmtInf>
            <PmtInfId>HuishoudboekjeGemeente-c8f7b2b571cd</PmtInfId>
            <PmtMtd>TRF</PmtMtd>
            <BtchBookg>false</BtchBookg>
            <NbOfTxs>1</NbOfTxs>
            <CtrlSum>939.94</CtrlSum>
            <PmtTpInf>
                <SvcLvl>
                    <Cd>SEPA</Cd>
                </SvcLvl>
            </PmtTpInf>
            <ReqdExctnDt>2020-01-25</ReqdExctnDt>
            <Dbtr>
                <Nm>Huishoudboekje Gemeente Sloothuizen Huishoudboekje</Nm>
            </Dbtr>
            <DbtrAcct>
                <Id>
                    <IBAN>NL36ABNA5632579034</IBAN>
                </Id>
            </DbtrAcct>
            <DbtrAgt>
                <FinInstnId>
                    <BIC>ABNANL2A</BIC>
                </FinInstnId>
            </DbtrAgt>
            <ChrgBr>SLEV</ChrgBr>
            <CdtTrfTxInf>
                <PmtId>
                    <EndToEndId>NOTPROVIDED</EndToEndId>
                </PmtId>
                <Amt>
                    <InstdAmt Ccy="EUR">939.94</InstdAmt>
                </Amt>
                <Cdtr>
                    <Nm>Wit</Nm>
                </Cdtr>
                <CdtrAcct>
                    <Id>
                        <IBAN>NL04BANK0000040244</IBAN>
                    </Id>
                </CdtrAcct>
                <RmtInf>
                    <Ustrd>Leefgeld</Ustrd>
                </RmtInf>
            </CdtTrfTxInf>
        </PmtInf>
        <PmtInf>
            <PmtInfId>HuishoudboekjeGemeente-25fe38d08f2d</PmtInfId>
            <PmtMtd>TRF</PmtMtd>
            <BtchBookg>false</BtchBookg>
            <NbOfTxs>1</NbOfTxs>
            <CtrlSum>939.94</CtrlSum>
            <PmtTpInf>
                <SvcLvl>
                    <Cd>SEPA</Cd>
                </SvcLvl>
            </PmtTpInf>
            <ReqdExctnDt>2020-02-25</ReqdExctnDt>
            <Dbtr>
                <Nm>Huishoudboekje Gemeente Sloothuizen Huishoudboekje</Nm>
            </Dbtr>
            <DbtrAcct>
                <Id>
                    <IBAN>NL36ABNA5632579034</IBAN>
                </Id>
            </DbtrAcct>
            <DbtrAgt>
                <FinInstnId>
                    <BIC>ABNANL2A</BIC>
                </FinInstnId>
            </DbtrAgt>
            <ChrgBr>SLEV</ChrgBr>
            <CdtTrfTxInf>
                <PmtId>
                    <EndToEndId>NOTPROVIDED</EndToEndId>
                </PmtId>
                <Amt>
                    <InstdAmt Ccy="EUR">939.94</InstdAmt>
                </Amt>
                <Cdtr>
                    <Nm>Wit</Nm>
                </Cdtr>
                <CdtrAcct>
                    <Id>
                        <IBAN>NL04BANK0000040244</IBAN>
                    </Id>
                </CdtrAcct>
                <RmtInf>
                    <Ustrd>Leefgeld</Ustrd>
                </RmtInf>
            </CdtTrfTxInf>
        </PmtInf>
        <PmtInf>
            <PmtInfId>HuishoudboekjeGemeente-3b1c19234c8f</PmtInfId>
            <PmtMtd>TRF</PmtMtd>
            <BtchBookg>false</BtchBookg>
            <NbOfTxs>1</NbOfTxs>
            <CtrlSum>939.94</CtrlSum>
            <PmtTpInf>
                <SvcLvl>
                    <Cd>SEPA</Cd>
                </SvcLvl>
            </PmtTpInf>
            <ReqdExctnDt>2020-03-25</ReqdExctnDt>
            <Dbtr>
                <Nm>Huishoudboekje Gemeente Sloothuizen Huishoudboekje</Nm>
            </Dbtr>
            <DbtrAcct>
                <Id>
                    <IBAN>NL36ABNA5632579034</IBAN>
                </Id>
            </DbtrAcct>
            <DbtrAgt>
                <FinInstnId>
                    <BIC>ABNANL2A</BIC>
                </FinInstnId>
            </DbtrAgt>
            <ChrgBr>SLEV</ChrgBr>
            <CdtTrfTxInf>
                <PmtId>
                    <EndToEndId>NOTPROVIDED</EndToEndId>
                </PmtId>
                <Amt>
                    <InstdAmt Ccy="EUR">939.94</InstdAmt>
                </Amt>
                <Cdtr>
                    <Nm>Wit</Nm>
                </Cdtr>
                <CdtrAcct>
                    <Id>
                        <IBAN>NL04BANK0000040244</IBAN>
                    </Id>
                </CdtrAcct>
                <RmtInf>
                    <Ustrd>Leefgeld</Ustrd>
                </RmtInf>
            </CdtTrfTxInf>
        </PmtInf>
        <PmtInf>
            <PmtInfId>HuishoudboekjeGemeente-b3850e4f43ed</PmtInfId>
            <PmtMtd>TRF</PmtMtd>
            <BtchBookg>false</BtchBookg>
            <NbOfTxs>1</NbOfTxs>
            <CtrlSum>939.94</CtrlSum>
            <PmtTpInf>
                <SvcLvl>
                    <Cd>SEPA</Cd>
                </SvcLvl>
            </PmtTpInf>
            <ReqdExctnDt>2020-04-25</ReqdExctnDt>
            <Dbtr>
                <Nm>Huishoudboekje Gemeente Sloothuizen Huishoudboekje</Nm>
            </Dbtr>
            <DbtrAcct>
                <Id>
                    <IBAN>NL36ABNA5632579034</IBAN>
                </Id>
            </DbtrAcct>
            <DbtrAgt>
                <FinInstnId>
                    <BIC>ABNANL2A</BIC>
                </FinInstnId>
            </DbtrAgt>
            <ChrgBr>SLEV</ChrgBr>
            <CdtTrfTxInf>
                <PmtId>
                    <EndToEndId>NOTPROVIDED</EndToEndId>
                </PmtId>
                <Amt>
                    <InstdAmt Ccy="EUR">939.94</InstdAmt>
                </Amt>
                <Cdtr>
                    <Nm>Wit</Nm>
                </Cdtr>
                <CdtrAcct>
                    <Id>
                        <IBAN>NL04BANK0000040244</IBAN>
                    </Id>
                </CdtrAcct>
                <RmtInf>
                    <Ustrd>Leefgeld</Ustrd>
                </RmtInf>
            </CdtTrfTxInf>
        </PmtInf>
        <PmtInf>
            <PmtInfId>HuishoudboekjeGemeente-61f4e8f0ce45</PmtInfId>
            <PmtMtd>TRF</PmtMtd>
            <BtchBookg>false</BtchBookg>
            <NbOfTxs>1</NbOfTxs>
            <CtrlSum>939.94</CtrlSum>
            <PmtTpInf>
                <SvcLvl>
                    <Cd>SEPA</Cd>
                </SvcLvl>
            </PmtTpInf>
            <ReqdExctnDt>2020-05-25</ReqdExctnDt>
            <Dbtr>
                <Nm>Huishoudboekje Gemeente Sloothuizen Huishoudboekje</Nm>
            </Dbtr>
            <DbtrAcct>
                <Id>
                    <IBAN>NL36ABNA5632579034</IBAN>
                </Id>
            </DbtrAcct>
            <DbtrAgt>
                <FinInstnId>
                    <BIC>ABNANL2A</BIC>
                </FinInstnId>
            </DbtrAgt>
            <ChrgBr>SLEV</ChrgBr>
            <CdtTrfTxInf>
                <PmtId>
                    <EndToEndId>NOTPROVIDED</EndToEndId>
                </PmtId>
                <Amt>
                    <InstdAmt Ccy="EUR">939.94</InstdAmt>
                </Amt>
                <Cdtr>
                    <Nm>Wit</Nm>
                </Cdtr>
                <CdtrAcct>
                    <Id>
                        <IBAN>NL04BANK0000040244</IBAN>
                    </Id>
                </CdtrAcct>
                <RmtInf>
                    <Ustrd>Leefgeld</Ustrd>
                </RmtInf>
            </CdtTrfTxInf>
        </PmtInf>
        <PmtInf>
            <PmtInfId>HuishoudboekjeGemeente-db22e4fef35a</PmtInfId>
            <PmtMtd>TRF</PmtMtd>
            <BtchBookg>false</BtchBookg>
            <NbOfTxs>1</NbOfTxs>
            <CtrlSum>939.94</CtrlSum>
            <PmtTpInf>
                <SvcLvl>
                    <Cd>SEPA</Cd>
                </SvcLvl>
            </PmtTpInf>
            <ReqdExctnDt>2020-06-25</ReqdExctnDt>
            <Dbtr>
                <Nm>Huishoudboekje Gemeente Sloothuizen Huishoudboekje</Nm>
            </Dbtr>
            <DbtrAcct>
                <Id>
                    <IBAN>NL36ABNA5632579034</IBAN>
                </Id>
            </DbtrAcct>
            <DbtrAgt>
                <FinInstnId>
                    <BIC>ABNANL2A</BIC>
                </FinInstnId>
            </DbtrAgt>
            <ChrgBr>SLEV</ChrgBr>
            <CdtTrfTxInf>
                <PmtId>
                    <EndToEndId>NOTPROVIDED</EndToEndId>
                </PmtId>
                <Amt>
                    <InstdAmt Ccy="EUR">939.94</InstdAmt>
                </Amt>
                <Cdtr>
                    <Nm>Wit</Nm>
                </Cdtr>
                <CdtrAcct>
                    <Id>
                        <IBAN>NL04BANK0000040244</IBAN>
                    </Id>
                </CdtrAcct>
                <RmtInf>
                    <Ustrd>Leefgeld</Ustrd>
                </RmtInf>
            </CdtTrfTxInf>
        </PmtInf>
        <PmtInf>
            <PmtInfId>HuishoudboekjeGemeente-caa724ac8022</PmtInfId>
            <PmtMtd>TRF</PmtMtd>
            <BtchBookg>false</BtchBookg>
            <NbOfTxs>1</NbOfTxs>
            <CtrlSum>939.94</CtrlSum>
            <PmtTpInf>
                <SvcLvl>
                    <Cd>SEPA</Cd>
                </SvcLvl>
            </PmtTpInf>
            <ReqdExctnDt>2020-07-25</ReqdExctnDt>
            <Dbtr>
                <Nm>Huishoudboekje Gemeente Sloothuizen Huishoudboekje</Nm>
            </Dbtr>
            <DbtrAcct>
                <Id>
                    <IBAN>NL36ABNA5632579034</IBAN>
                </Id>
            </DbtrAcct>
            <DbtrAgt>
                <FinInstnId>
                    <BIC>ABNANL2A</BIC>
                </FinInstnId>
            </DbtrAgt>
            <ChrgBr>SLEV</ChrgBr>
            <CdtTrfTxInf>
                <PmtId>
                    <EndToEndId>NOTPROVIDED</EndToEndId>
                </PmtId>
                <Amt>
                    <InstdAmt Ccy="EUR">939.94</InstdAmt>
                </Amt>
                <Cdtr>
                    <Nm>Wit</Nm>
                </Cdtr>
                <CdtrAcct>
                    <Id>
                        <IBAN>NL04BANK0000040244</IBAN>
                    </Id>
                </CdtrAcct>
                <RmtInf>
                    <Ustrd>Leefgeld</Ustrd>
                </RmtInf>
            </CdtTrfTxInf>
        </PmtInf>
        <PmtInf>
            <PmtInfId>HuishoudboekjeGemeente-56f000f26491</PmtInfId>
            <PmtMtd>TRF</PmtMtd>
            <BtchBookg>false</BtchBookg>
            <NbOfTxs>1</NbOfTxs>
            <CtrlSum>939.94</CtrlSum>
            <PmtTpInf>
                <SvcLvl>
                    <Cd>SEPA</Cd>
                </SvcLvl>
            </PmtTpInf>
            <ReqdExctnDt>2020-08-25</ReqdExctnDt>
            <Dbtr>
                <Nm>Huishoudboekje Gemeente Sloothuizen Huishoudboekje</Nm>
            </Dbtr>
            <DbtrAcct>
                <Id>
                    <IBAN>NL36ABNA5632579034</IBAN>
                </Id>
            </DbtrAcct>
            <DbtrAgt>
                <FinInstnId>
                    <BIC>ABNANL2A</BIC>
                </FinInstnId>
            </DbtrAgt>
            <ChrgBr>SLEV</ChrgBr>
            <CdtTrfTxInf>
                <PmtId>
                    <EndToEndId>NOTPROVIDED</EndToEndId>
                </PmtId>
                <Amt>
                    <InstdAmt Ccy="EUR">939.94</InstdAmt>
                </Amt>
                <Cdtr>
                    <Nm>Wit</Nm>
                </Cdtr>
                <CdtrAcct>
                    <Id>
                        <IBAN>NL04BANK0000040244</IBAN>
                    </Id>
                </CdtrAcct>
                <RmtInf>
                    <Ustrd>Leefgeld</Ustrd>
                </RmtInf>
            </CdtTrfTxInf>
        </PmtInf>
        <PmtInf>
            <PmtInfId>HuishoudboekjeGemeente-18708d56e0dd</PmtInfId>
            <PmtMtd>TRF</PmtMtd>
            <BtchBookg>false</BtchBookg>
            <NbOfTxs>1</NbOfTxs>
            <CtrlSum>939.94</CtrlSum>
            <PmtTpInf>
                <SvcLvl>
                    <Cd>SEPA</Cd>
                </SvcLvl>
            </PmtTpInf>
            <ReqdExctnDt>2020-09-25</ReqdExctnDt>
            <Dbtr>
                <Nm>Huishoudboekje Gemeente Sloothuizen Huishoudboekje</Nm>
            </Dbtr>
            <DbtrAcct>
                <Id>
                    <IBAN>NL36ABNA5632579034</IBAN>
                </Id>
            </DbtrAcct>
            <DbtrAgt>
                <FinInstnId>
                    <BIC>ABNANL2A</BIC>
                </FinInstnId>
            </DbtrAgt>
            <ChrgBr>SLEV</ChrgBr>
            <CdtTrfTxInf>
                <PmtId>
                    <EndToEndId>NOTPROVIDED</EndToEndId>
                </PmtId>
                <Amt>
                    <InstdAmt Ccy="EUR">939.94</InstdAmt>
                </Amt>
                <Cdtr>
                    <Nm>Wit</Nm>
                </Cdtr>
                <CdtrAcct>
                    <Id>
                        <IBAN>NL04BANK0000040244</IBAN>
                    </Id>
                </CdtrAcct>
                <RmtInf>
                    <Ustrd>Leefgeld</Ustrd>
                </RmtInf>
            </CdtTrfTxInf>
        </PmtInf>
        <PmtInf>
            <PmtInfId>HuishoudboekjeGemeente-7313af4ead9a</PmtInfId>
            <PmtMtd>TRF</PmtMtd>
            <BtchBookg>false</BtchBookg>
            <NbOfTxs>1</NbOfTxs>
            <CtrlSum>939.94</CtrlSum>
            <PmtTpInf>
                <SvcLvl>
                    <Cd>SEPA</Cd>
                </SvcLvl>
            </PmtTpInf>
            <ReqdExctnDt>2020-10-25</ReqdExctnDt>
            <Dbtr>
                <Nm>Huishoudboekje Gemeente Sloothuizen Huishoudboekje</Nm>
            </Dbtr>
            <DbtrAcct>
                <Id>
                    <IBAN>NL36ABNA5632579034</IBAN>
                </Id>
            </DbtrAcct>
            <DbtrAgt>
                <FinInstnId>
                    <BIC>ABNANL2A</BIC>
                </FinInstnId>
            </DbtrAgt>
            <ChrgBr>SLEV</ChrgBr>
            <CdtTrfTxInf>
                <PmtId>
                    <EndToEndId>NOTPROVIDED</EndToEndId>
                </PmtId>
                <Amt>
                    <InstdAmt Ccy="EUR">939.94</InstdAmt>
                </Amt>
                <Cdtr>
                    <Nm>Wit</Nm>
                </Cdtr>
                <CdtrAcct>
                    <Id>
                        <IBAN>NL04BANK0000040244</IBAN>
                    </Id>
                </CdtrAcct>
                <RmtInf>
                    <Ustrd>Leefgeld</Ustrd>
                </RmtInf>
            </CdtTrfTxInf>
        </PmtInf>
        <PmtInf>
            <PmtInfId>HuishoudboekjeGemeente-bbe31a8c63a0</PmtInfId>
            <PmtMtd>TRF</PmtMtd>
            <BtchBookg>false</BtchBookg>
            <NbOfTxs>1</NbOfTxs>
            <CtrlSum>939.94</CtrlSum>
            <PmtTpInf>
                <SvcLvl>
                    <Cd>SEPA</Cd>
                </SvcLvl>
            </PmtTpInf>
            <ReqdExctnDt>2020-11-25</ReqdExctnDt>
            <Dbtr>
                <Nm>Huishoudboekje Gemeente Sloothuizen Huishoudboekje</Nm>
            </Dbtr>
            <DbtrAcct>
                <Id>
                    <IBAN>NL36ABNA5632579034</IBAN>
                </Id>
            </DbtrAcct>
            <DbtrAgt>
                <FinInstnId>
                    <BIC>ABNANL2A</BIC>
                </FinInstnId>
            </DbtrAgt>
            <ChrgBr>SLEV</ChrgBr>
            <CdtTrfTxInf>
                <PmtId>
                    <EndToEndId>NOTPROVIDED</EndToEndId>
                </PmtId>
                <Amt>
                    <InstdAmt Ccy="EUR">939.94</InstdAmt>
                </Amt>
                <Cdtr>
                    <Nm>Wit</Nm>
                </Cdtr>
                <CdtrAcct>
                    <Id>
                        <IBAN>NL04BANK0000040244</IBAN>
                    </Id>
                </CdtrAcct>
                <RmtInf>
                    <Ustrd>Leefgeld</Ustrd>
                </RmtInf>
            </CdtTrfTxInf>
        </PmtInf>
        <PmtInf>
            <PmtInfId>HuishoudboekjeGemeente-1d069afb4407</PmtInfId>
            <PmtMtd>TRF</PmtMtd>
            <BtchBookg>false</BtchBookg>
            <NbOfTxs>1</NbOfTxs>
            <CtrlSum>939.94</CtrlSum>
            <PmtTpInf>
                <SvcLvl>
                    <Cd>SEPA</Cd>
                </SvcLvl>
            </PmtTpInf>
            <ReqdExctnDt>2020-12-25</ReqdExctnDt>
            <Dbtr>
                <Nm>Huishoudboekje Gemeente Sloothuizen Huishoudboekje</Nm>
            </Dbtr>
            <DbtrAcct>
                <Id>
                    <IBAN>NL36ABNA5632579034</IBAN>
                </Id>
            </DbtrAcct>
            <DbtrAgt>
                <FinInstnId>
                    <BIC>ABNANL2A</BIC>
                </FinInstnId>
            </DbtrAgt>
            <ChrgBr>SLEV</ChrgBr>
            <CdtTrfTxInf>
                <PmtId>
                    <EndToEndId>NOTPROVIDED</EndToEndId>
                </PmtId>
                <Amt>
                    <InstdAmt Ccy="EUR">939.94</InstdAmt>
                </Amt>
                <Cdtr>
                    <Nm>Wit</Nm>
                </Cdtr>
                <CdtrAcct>
                    <Id>
                        <IBAN>NL04BANK0000040244</IBAN>
                    </Id>
                </CdtrAcct>
                <RmtInf>
                    <Ustrd>Leefgeld</Ustrd>
                </RmtInf>
            </CdtTrfTxInf>
        </PmtInf>
        <PmtInf>
            <PmtInfId>HuishoudboekjeGemeente-ead9649aae7a</PmtInfId>
            <PmtMtd>TRF</PmtMtd>
            <BtchBookg>false</BtchBookg>
            <NbOfTxs>1</NbOfTxs>
            <CtrlSum>939.94</CtrlSum>
            <PmtTpInf>
                <SvcLvl>
                    <Cd>SEPA</Cd>
                </SvcLvl>
            </PmtTpInf>
            <ReqdExctnDt>2021-05-25</ReqdExctnDt>
            <Dbtr>
                <Nm>Huishoudboekje Gemeente Sloothuizen Huishoudboekje</Nm>
            </Dbtr>
            <DbtrAcct>
                <Id>
                    <IBAN>NL36ABNA5632579034</IBAN>
                </Id>
            </DbtrAcct>
            <DbtrAgt>
                <FinInstnId>
                    <BIC>ABNANL2A</BIC>
                </FinInstnId>
            </DbtrAgt>
            <ChrgBr>SLEV</ChrgBr>
            <CdtTrfTxInf>
                <PmtId>
                    <EndToEndId>NOTPROVIDED</EndToEndId>
                </PmtId>
                <Amt>
                    <InstdAmt Ccy="EUR">939.94</InstdAmt>
                </Amt>
                <Cdtr>
                    <Nm>Wit</Nm>
                </Cdtr>
                <CdtrAcct>
                    <Id>
                        <IBAN>NL04BANK0000040244</IBAN>
                    </Id>
                </CdtrAcct>
                <RmtInf>
                    <Ustrd>Leefgeld</Ustrd>
                </RmtInf>
            </CdtTrfTxInf>
        </PmtInf>
    </CstmrCdtTrfInitn>
</Document>