0200 13XXXXXXXXXXXX00000
0200 13BNGHNL20AXXX00000
940 02
:20:34948929
:25:NL66BNGH0123456789
:28C:1/1
:60F:D201101EUR0,00
:61:190120C322,00NMSC028
:86:NL86INGB0002445588              INGBNL2A
BELASTINGDIENST                 REFO:GVSXX20210101012345678
TERUGGAAF  NR. 999999990T900252 VOORSCHOT HUURTOESLAG 2019
(DE TEST     )                  MEER INFO OP WWW.TOESLA
GEN.NL
:61:190220C322,00NMSC028
:86:NL86INGB0002445588              INGBNL2A
BELASTINGDIENST                 REFO:GVSXX20210101012345678
TERUGGAAF  NR. 999999990T900252 VOORSCHOT HUURTOESLAG 2019
(DE TEST     )                  MEER INFO OP WWW.TOESLA
GEN.NL
:61:190320C322,00NMSC028
:86:NL86INGB0002445588              INGBNL2A
BELASTINGDIENST                 REFO:GVSXX20210101012345678
TERUGGAAF  NR. 999999990T900252 VOORSCHOT HUURTOESLAG 2019
(DE TEST     )                  MEER INFO OP WWW.TOESLA
GEN.NL
:61:190420C322,00NMSC028
:86:NL86INGB0002445588              INGBNL2A
BELASTINGDIENST                 REFO:GVSXX20210101012345678
TERUGGAAF  NR. 999999990T900252 VOORSCHOT HUURTOESLAG 2019
(DE TEST     )                  MEER INFO OP WWW.TOESLA
GEN.NL
:61:190520C322,00NMSC028
:86:NL86INGB0002445588              INGBNL2A
BELASTINGDIENST                 REFO:GVSXX20210101012345678
TERUGGAAF  NR. 999999990T900252 VOORSCHOT HUURTOESLAG 2019
(DE TEST     )                  MEER INFO OP WWW.TOESLA
GEN.NL
:61:190620C322,00NMSC028
:86:NL86INGB0002445588              INGBNL2A
BELASTINGDIENST                 REFO:GVSXX20210101012345678
TERUGGAAF  NR. 999999990T900252 VOORSCHOT HUURTOESLAG 2019
(DE TEST     )                  MEER INFO OP WWW.TOESLA
GEN.NL
:61:190720C322,00NMSC028
:86:NL86INGB0002445588              INGBNL2A
BELASTINGDIENST                 REFO:GVSXX20210101012345678
TERUGGAAF  NR. 999999990T900252 VOORSCHOT HUURTOESLAG 2019
(DE TEST     )                  MEER INFO OP WWW.TOESLA
GEN.NL
:61:190820C322,00NMSC028
:86:NL86INGB0002445588              INGBNL2A
BELASTINGDIENST                 REFO:GVSXX20210101012345678
TERUGGAAF  NR. 999999990T900252 VOORSCHOT HUURTOESLAG 2019
(DE TEST     )                  MEER INFO OP WWW.TOESLA
GEN.NL
:61:190920C322,00NMSC028
:86:NL86INGB0002445588              INGBNL2A
BELASTINGDIENST                 REFO:GVSXX20210101012345678
TERUGGAAF  NR. 999999990T900252 VOORSCHOT HUURTOESLAG 2019
(DE TEST     )                  MEER INFO OP WWW.TOESLA
GEN.NL
:61:191020C322,00NMSC028
:86:NL86INGB0002445588              INGBNL2A
BELASTINGDIENST                 REFO:GVSXX20210101012345678
TERUGGAAF  NR. 999999990T900252 VOORSCHOT HUURTOESLAG 2019
(DE TEST     )                  MEER INFO OP WWW.TOESLA
GEN.NL
:61:191120C322,00NMSC028
:86:NL86INGB0002445588              INGBNL2A
BELASTINGDIENST                 REFO:GVSXX20210101012345678
TERUGGAAF  NR. 999999990T900252 VOORSCHOT HUURTOESLAG 2019
(DE TEST     )                  MEER INFO OP WWW.TOESLA
GEN.NL
:61:191220C322,00NMSC028
:86:NL86INGB0002445588              INGBNL2A
BELASTINGDIENST                 REFO:GVSXX20210101012345678
TERUGGAAF  NR. 999999990T900252 VOORSCHOT HUURTOESLAG 2020
(DE TEST     )                  MEER INFO OP WWW.TOESLA
GEN.NL
:61:200120C322,00NMSC028
:86:NL86INGB0002445588              INGBNL2A
BELASTINGDIENST                 REFO:GVSXX20210101012345678
TERUGGAAF  NR. 999999990T900252 VOORSCHOT HUURTOESLAG 2020
(DE TEST     )                  MEER INFO OP WWW.TOESLA
GEN.NL
:61:200220C322,00NMSC028
:86:NL86INGB0002445588              INGBNL2A
BELASTINGDIENST                 REFO:GVSXX20210101012345678
TERUGGAAF  NR. 999999990T900252 VOORSCHOT HUURTOESLAG 2020
(DE TEST     )                  MEER INFO OP WWW.TOESLA
GEN.NL
:61:200320C322,00NMSC028
:86:NL86INGB0002445588              INGBNL2A
BELASTINGDIENST                 REFO:GVSXX20210101012345678
TERUGGAAF  NR. 999999990T900252 VOORSCHOT HUURTOESLAG 2020
(DE TEST     )                  MEER INFO OP WWW.TOESLA
GEN.NL
:61:200420C322,00NMSC028
:86:NL86INGB0002445588              INGBNL2A
BELASTINGDIENST                 REFO:GVSXX20210101012345678
TERUGGAAF  NR. 999999990T900252 VOORSCHOT HUURTOESLAG 2020
(DE TEST     )                  MEER INFO OP WWW.TOESLA
GEN.NL
:61:200520C322,00NMSC028
:86:NL86INGB0002445588              INGBNL2A
BELASTINGDIENST                 REFO:GVSXX20210101012345678
TERUGGAAF  NR. 999999990T900252 VOORSCHOT HUURTOESLAG 2020
(DE TEST     )                  MEER INFO OP WWW.TOESLA
GEN.NL
:61:200622C322,00NMSC028
:86:NL86INGB0002445588              INGBNL2A
BELASTINGDIENST                 REFO:GVSXX20210101012345678
TERUGGAAF  NR. 999999990T900252 VOORSCHOT HUURTOESLAG 2020
(DE TEST     )                  MEER INFO OP WWW.TOESLA
GEN.NL
:61:200720C322,00NMSC028
:86:NL86INGB0002445588              INGBNL2A
BELASTINGDIENST                 REFO:GVSXX20210101012345678
TERUGGAAF  NR. 999999990T900252 VOORSCHOT HUURTOESLAG 2020
(DE TEST     )                  MEER INFO OP WWW.TOESLA
GEN.NL
:61:200820C322,00NMSC028
:86:NL86INGB0002445588              INGBNL2A
BELASTINGDIENST                 REFO:GVSXX20210101012345678
TERUGGAAF  NR. 999999990T900252 VOORSCHOT HUURTOESLAG 2020
(DE TEST     )                  MEER INFO OP WWW.TOESLA
GEN.NL
:61:200921C322,00NMSC028
:86:NL86INGB0002445588              INGBNL2A
BELASTINGDIENST                 REFO:GVSXX20210101012345678
TERUGGAAF  NR. 999999990T900252 VOORSCHOT HUURTOESLAG 2020
(DE TEST     )                  MEER INFO OP WWW.TOESLA
GEN.NL
:61:201020C322,00NMSC028
:86:NL86INGB0002445588              INGBNL2A
BELASTINGDIENST                 REFO:GVSXX20210101012345678
TERUGGAAF  NR. 999999990T900252 VOORSCHOT HUURTOESLAG 2020
(DE TEST     )                  MEER INFO OP WWW.TOESLA
GEN.NL
:61:201120C322,00NMSC028
:86:NL86INGB0002445588              INGBNL2A
BELASTINGDIENST                 REFO:GVSXX20210101012345678
TERUGGAAF  NR. 999999990T900252 VOORSCHOT HUURTOESLAG 2020
(DE TEST     )                  MEER INFO OP WWW.TOESLA
GEN.NL
:61:201220C322,00NMSC028
:86:NL86INGB0002445588              INGBNL2A
BELASTINGDIENST                 REFO:GVSXX20210101012345678
TERUGGAAF  NR. 999999990T900252 VOORSCHOT HUURTOESLAG 2021
(DE TEST     )                  MEER INFO OP WWW.TOESLA
GEN.NL
:61:210120C322,00NMSC028
:86:NL86INGB0002445588              INGBNL2A
BELASTINGDIENST                 REFO:GVSXX20210101012345678
TERUGGAAF  NR. 999999990T900252 VOORSCHOT HUURTOESLAG 2021
(DE TEST     )                  MEER INFO OP WWW.TOESLA
GEN.NL
:61:210220C322,00NMSC028
:86:NL86INGB0002445588              INGBNL2A
BELASTINGDIENST                 REFO:GVSXX20210101012345678
TERUGGAAF  NR. 999999990T900252 VOORSCHOT HUURTOESLAG 2021
(DE TEST     )                  MEER INFO OP WWW.TOESLA
GEN.NL
:61:210320C322,00NMSC028
:86:NL86INGB0002445588              INGBNL2A
BELASTINGDIENST                 REFO:GVSXX20210101012345678
TERUGGAAF  NR. 999999990T900252 VOORSCHOT HUURTOESLAG 2021
(DE TEST     )                  MEER INFO OP WWW.TOESLA
GEN.NL
:61:210420C322,00NMSC028
:86:NL86INGB0002445588              INGBNL2A
BELASTINGDIENST                 REFO:GVSXX20210101012345678
TERUGGAAF  NR. 999999990T900252 VOORSCHOT HUURTOESLAG 2021
(DE TEST     )                  MEER INFO OP WWW.TOESLA
GEN.NL
:61:210520C322,00NMSC028
:86:NL86INGB0002445588              INGBNL2A
BELASTINGDIENST                 REFO:GVSXX20210101012345678
TERUGGAAF  NR. 999999990T900252 VOORSCHOT HUURTOESLAG 2021
(DE TEST     )                  MEER INFO OP WWW.TOESLA
GEN.NL
:61:210622C322,00NMSC028
:86:NL86INGB0002445588              INGBNL2A
BELASTINGDIENST                 REFO:GVSXX20210101012345678
TERUGGAAF  NR. 999999990T900252 VOORSCHOT HUURTOESLAG 2021
(DE TEST     )                  MEER INFO OP WWW.TOESLA
GEN.NL
:61:210720C322,00NMSC028
:86:NL86INGB0002445588              INGBNL2A
BELASTINGDIENST                 REFO:GVSXX20210101012345678
TERUGGAAF  NR. 999999990T900252 VOORSCHOT HUURTOESLAG 2021
(DE TEST     )                  MEER INFO OP WWW.TOESLA
GEN.NL
:61:210820C322,00NMSC028
:86:NL86INGB0002445588              INGBNL2A
BELASTINGDIENST                 REFO:GVSXX20210101012345678
TERUGGAAF  NR. 999999990T900252 VOORSCHOT HUURTOESLAG 2021
(DE TEST     )                  MEER INFO OP WWW.TOESLA
GEN.NL
:61:210921C322,00NMSC028
:86:NL86INGB0002445588              INGBNL2A
BELASTINGDIENST                 REFO:GVSXX20210101012345678
TERUGGAAF  NR. 999999990T900252 VOORSCHOT HUURTOESLAG 2021
(DE TEST     )                  MEER INFO OP WWW.TOESLA
GEN.NL
:61:211020C322,00NMSC028
:86:NL86INGB0002445588              INGBNL2A
BELASTINGDIENST                 REFO:GVSXX20210101012345678
TERUGGAAF  NR. 999999990T900252 VOORSCHOT HUURTOESLAG 2021
(DE TEST     )                  MEER INFO OP WWW.TOESLA
GEN.NL
:61:211120C322,00NMSC028
:86:NL86INGB0002445588              INGBNL2A
BELASTINGDIENST                 REFO:GVSXX20210101012345678
TERUGGAAF  NR. 999999990T900252 VOORSCHOT HUURTOESLAG 2021
(DE TEST     )                  MEER INFO OP WWW.TOESLA
GEN.NL
:61:211220C322,00NMSC028
:86:NL86INGB0002445588              INGBNL2A
BELASTINGDIENST                 REFO:GVSXX20210101012345678
TERUGGAAF  NR. 999999990T900252 VOORSCHOT HUURTOESLAG 2022
(DE TEST     )                  MEER INFO OP WWW.TOESLA
GEN.NL
:61:220120C322,00NMSC028
:86:NL86INGB0002445588              INGBNL2A
BELASTINGDIENST                 REFO:GVSXX20210101012345678
TERUGGAAF  NR. 999999990T900252 VOORSCHOT HUURTOESLAG 2022
(DE TEST     )                  MEER INFO OP WWW.TOESLA
GEN.NL
:61:220221C322,00NMSC028
:86:NL86INGB0002445588              INGBNL2A
BELASTINGDIENST                 REFO:GVSXX20210101012345678
TERUGGAAF  NR. 999999990T900252 VOORSCHOT HUURTOESLAG 2022
(DE TEST     )                  MEER INFO OP WWW.TOESLA
GEN.NL
:61:220321C322,00NMSC028
:86:NL86INGB0002445588              INGBNL2A
BELASTINGDIENST                 REFO:GVSXX20210101012345678
TERUGGAAF  NR. 999999990T900252 VOORSCHOT HUURTOESLAG 2022
(DE TEST     )                  MEER INFO OP WWW.TOESLA
GEN.NL
:61:220420C322,00NMSC028
:86:NL86INGB0002445588              INGBNL2A
BELASTINGDIENST                 REFO:GVSXX20210101012345678
TERUGGAAF  NR. 999999990T900252 VOORSCHOT HUURTOESLAG 2022
(DE TEST     )                  MEER INFO OP WWW.TOESLA
GEN.NL
:61:220520C322,00NMSC028
:86:NL86INGB0002445588              INGBNL2A
BELASTINGDIENST                 REFO:GVSXX20210101012345678
TERUGGAAF  NR. 999999990T900252 VOORSCHOT HUURTOESLAG 2022
(DE TEST     )                  MEER INFO OP WWW.TOESLA
GEN.NL
:61:220620C322,00NMSC028
:86:NL86INGB0002445588              INGBNL2A
BELASTINGDIENST                 REFO:GVSXX20210101012345678
TERUGGAAF  NR. 999999990T900252 VOORSCHOT HUURTOESLAG 2022
(DE TEST     )                  MEER INFO OP WWW.TOESLA
GEN.NL
:61:220720C322,00NMSC028
:86:NL86INGB0002445588              INGBNL2A
BELASTINGDIENST                 REFO:GVSXX20210101012345678
TERUGGAAF  NR. 999999990T900252 VOORSCHOT HUURTOESLAG 2022
(DE TEST     )                  MEER INFO OP WWW.TOESLA
GEN.NL
:61:220822C322,00NMSC028
:86:NL86INGB0002445588              INGBNL2A
BELASTINGDIENST                 REFO:GVSXX20210101012345678
TERUGGAAF  NR. 999999990T900252 VOORSCHOT HUURTOESLAG 2022
(DE TEST     )                  MEER INFO OP WWW.TOESLA
GEN.NL
:61:220920C322,00NMSC028
:86:NL86INGB0002445588              INGBNL2A
BELASTINGDIENST                 REFO:GVSXX20210101012345678
TERUGGAAF  NR. 999999990T900252 VOORSCHOT HUURTOESLAG 2022
(DE TEST     )                  MEER INFO OP WWW.TOESLA
GEN.NL
:61:221020C322,00NMSC028
:86:NL86INGB0002445588              INGBNL2A
BELASTINGDIENST                 REFO:GVSXX20210101012345678
TERUGGAAF  NR. 999999990T900252 VOORSCHOT HUURTOESLAG 2022
(DE TEST     )                  MEER INFO OP WWW.TOESLA
GEN.NL
:61:221121C322,00NMSC028
:86:NL86INGB0002445588              INGBNL2A
BELASTINGDIENST                 REFO:GVSXX20210101012345678
TERUGGAAF  NR. 999999990T900252 VOORSCHOT HUURTOESLAG 2022
(DE TEST     )                  MEER INFO OP WWW.TOESLA
GEN.NL
:61:221220C322,00NMSC028
:86:NL86INGB0002445588              INGBNL2A
BELASTINGDIENST                 REFO:GVSXX20210101012345678
TERUGGAAF  NR. 999999990T900252 VOORSCHOT HUURTOESLAG 2023
(DE TEST     )                  MEER INFO OP WWW.TOESLA
GEN.NL
:61:230120C322,00NMSC028
:86:NL86INGB0002445588              INGBNL2A
BELASTINGDIENST                 REFO:GVSXX20210101012345678
TERUGGAAF  NR. 999999990T900252 VOORSCHOT HUURTOESLAG 2023
(DE TEST     )                  MEER INFO OP WWW.TOESLA
GEN.NL
:61:230221C322,00NMSC028
:86:NL86INGB0002445588              INGBNL2A
BELASTINGDIENST                 REFO:GVSXX20210101012345678
TERUGGAAF  NR. 999999990T900252 VOORSCHOT HUURTOESLAG 2023
(DE TEST     )                  MEER INFO OP WWW.TOESLA
GEN.NL
:61:230321C322,00NMSC028
:86:NL86INGB0002445588              INGBNL2A
BELASTINGDIENST                 REFO:GVSXX20210101012345678
TERUGGAAF  NR. 999999990T900252 VOORSCHOT HUURTOESLAG 2023
(DE TEST     )                  MEER INFO OP WWW.TOESLA
GEN.NL
:61:230420C322,00NMSC028
:86:NL86INGB0002445588              INGBNL2A
BELASTINGDIENST                 REFO:GVSXX20210101012345678
TERUGGAAF  NR. 999999990T900252 VOORSCHOT HUURTOESLAG 2023
(DE TEST     )                  MEER INFO OP WWW.TOESLA
GEN.NL
:61:230520C322,00NMSC028
:86:NL86INGB0002445588              INGBNL2A
BELASTINGDIENST                 REFO:GVSXX20210101012345678
TERUGGAAF  NR. 999999990T900252 VOORSCHOT HUURTOESLAG 2023
(DE TEST     )                  MEER INFO OP WWW.TOESLA
GEN.NL
:61:230620C322,00NMSC028
:86:NL86INGB0002445588              INGBNL2A
BELASTINGDIENST                 REFO:GVSXX20210101012345678
TERUGGAAF  NR. 999999990T900252 VOORSCHOT HUURTOESLAG 2023
(DE TEST     )                  MEER INFO OP WWW.TOESLA
GEN.NL
:61:230720C322,00NMSC028
:86:NL86INGB0002445588              INGBNL2A
BELASTINGDIENST                 REFO:GVSXX20210101012345678
TERUGGAAF  NR. 999999990T900252 VOORSCHOT HUURTOESLAG 2023
(DE TEST     )                  MEER INFO OP WWW.TOESLA
GEN.NL
:61:230822C322,00NMSC028
:86:NL86INGB0002445588              INGBNL2A
BELASTINGDIENST                 REFO:GVSXX20210101012345678
TERUGGAAF  NR. 999999990T900252 VOORSCHOT HUURTOESLAG 2023
(DE TEST     )                  MEER INFO OP WWW.TOESLA
GEN.NL
:61:230920C322,00NMSC028
:86:NL86INGB0002445588              INGBNL2A
BELASTINGDIENST                 REFO:GVSXX20210101012345678
TERUGGAAF  NR. 999999990T900252 VOORSCHOT HUURTOESLAG 2023
(DE TEST     )                  MEER INFO OP WWW.TOESLA
GEN.NL
:61:231020C322,00NMSC028
:86:NL86INGB0002445588              INGBNL2A
BELASTINGDIENST                 REFO:GVSXX20210101012345678
TERUGGAAF  NR. 999999990T900252 VOORSCHOT HUURTOESLAG 2023
(DE TEST     )                  MEER INFO OP WWW.TOESLA
GEN.NL
:61:231121C322,00NMSC028
:86:NL86INGB0002445588              INGBNL2A
BELASTINGDIENST                 REFO:GVSXX20210101012345678
TERUGGAAF  NR. 999999990T900252 VOORSCHOT HUURTOESLAG 2023
(DE TEST     )                  MEER INFO OP WWW.TOESLA
GEN.NL
:61:231220C322,00NMSC028
:86:NL86INGB0002445588              INGBNL2A
BELASTINGDIENST                 REFO:GVSXX20210101012345678
TERUGGAAF  NR. 999999990T900252 VOORSCHOT HUURTOESLAG 2024
(DE TEST     )                  MEER INFO OP WWW.TOESLA
GEN.NL
:61:240120C322,00NMSC028
:86:NL86INGB0002445588              INGBNL2A
BELASTINGDIENST                 REFO:GVSXX20210101012345678
TERUGGAAF  NR. 999999990T900252 VOORSCHOT HUURTOESLAG 2024
(DE TEST     )                  MEER INFO OP WWW.TOESLA
GEN.NL
:61:240221C322,00NMSC028
:86:NL86INGB0002445588              INGBNL2A
BELASTINGDIENST                 REFO:GVSXX20210101012345678
TERUGGAAF  NR. 999999990T900252 VOORSCHOT HUURTOESLAG 2024
(DE TEST     )                  MEER INFO OP WWW.TOESLA
GEN.NL
:61:240321C322,00NMSC028
:86:NL86INGB0002445588              INGBNL2A
BELASTINGDIENST                 REFO:GVSXX20210101012345678
TERUGGAAF  NR. 999999990T900252 VOORSCHOT HUURTOESLAG 2024
(DE TEST     )                  MEER INFO OP WWW.TOESLA
GEN.NL
:61:240420C322,00NMSC028
:86:NL86INGB0002445588              INGBNL2A
BELASTINGDIENST                 REFO:GVSXX20210101012345678
TERUGGAAF  NR. 999999990T900252 VOORSCHOT HUURTOESLAG 2024
(DE TEST     )                  MEER INFO OP WWW.TOESLA
GEN.NL
:61:240520C322,00NMSC028
:86:NL86INGB0002445588              INGBNL2A
BELASTINGDIENST                 REFO:GVSXX20210101012345678
TERUGGAAF  NR. 999999990T900252 VOORSCHOT HUURTOESLAG 2024
(DE TEST     )                  MEER INFO OP WWW.TOESLA
GEN.NL
:61:240620C322,00NMSC028
:86:NL86INGB0002445588              INGBNL2A
BELASTINGDIENST                 REFO:GVSXX20210101012345678
TERUGGAAF  NR. 999999990T900252 VOORSCHOT HUURTOESLAG 2024
(DE TEST     )                  MEER INFO OP WWW.TOESLA
GEN.NL
:61:240720C322,00NMSC028
:86:NL86INGB0002445588              INGBNL2A
BELASTINGDIENST                 REFO:GVSXX20210101012345678
TERUGGAAF  NR. 999999990T900252 VOORSCHOT HUURTOESLAG 2024
(DE TEST     )                  MEER INFO OP WWW.TOESLA
GEN.NL
:61:240822C322,00NMSC028
:86:NL86INGB0002445588              INGBNL2A
BELASTINGDIENST                 REFO:GVSXX20210101012345678
TERUGGAAF  NR. 999999990T900252 VOORSCHOT HUURTOESLAG 2024
(DE TEST     )                  MEER INFO OP WWW.TOESLA
GEN.NL
:61:240920C322,00NMSC028
:86:NL86INGB0002445588              INGBNL2A
BELASTINGDIENST                 REFO:GVSXX20210101012345678
TERUGGAAF  NR. 999999990T900252 VOORSCHOT HUURTOESLAG 2024
(DE TEST     )                  MEER INFO OP WWW.TOESLA
GEN.NL
:61:241020C322,00NMSC028
:86:NL86INGB0002445588              INGBNL2A
BELASTINGDIENST                 REFO:GVSXX20210101012345678
TERUGGAAF  NR. 999999990T900252 VOORSCHOT HUURTOESLAG 2024
(DE TEST     )                  MEER INFO OP WWW.TOESLA
GEN.NL
:61:241121C322,00NMSC028
:86:NL86INGB0002445588              INGBNL2A
BELASTINGDIENST                 REFO:GVSXX20210101012345678
TERUGGAAF  NR. 999999990T900252 VOORSCHOT HUURTOESLAG 2024
(DE TEST     )                  MEER INFO OP WWW.TOESLA
GEN.NL
:61:241220C322,00NMSC028
:86:NL86INGB0002445588              INGBNL2A
BELASTINGDIENST                 REFO:GVSXX20210101012345678
TERUGGAAF  NR. 999999990T900252 VOORSCHOT HUURTOESLAG 2025
(DE TEST     )                  MEER INFO OP WWW.TOESLA
GEN.NL
:62F:C201126EUR0,00
-