0200 13XXXXXXXXXXXX00000
0200 13BNGHNL20AXXX00000
940 02
:20:34948929
:25:NL66BNGH0123456789
:28C:1/1
:60F:D201101EUR0,00
:61:190120C286,00NMSC028
:86:NL86INGB0002445588              INGBNL2A
BELASTINGDIENST                 REFO:GVSXX20210101012345678
TERUGGAAF  NR. 999999989T900252 VOORSCHOT HUURTOESLAG 2019
(DE TEST     )                  MEER INFO OP WWW.TOESLA
GEN.NL
:61:190220C286,00NMSC028
:86:NL86INGB0002445588              INGBNL2A
BELASTINGDIENST                 REFO:GVSXX20210101012345678
TERUGGAAF  NR. 999999989T900252 VOORSCHOT HUURTOESLAG 2019
(DE TEST     )                  MEER INFO OP WWW.TOESLA
GEN.NL
:61:190320C286,00NMSC028
:86:NL86INGB0002445588              INGBNL2A
BELASTINGDIENST                 REFO:GVSXX20210101012345678
TERUGGAAF  NR. 999999989T900252 VOORSCHOT HUURTOESLAG 2019
(DE TEST     )                  MEER INFO OP WWW.TOESLA
GEN.NL
:61:190420C286,00NMSC028
:86:NL86INGB0002445588              INGBNL2A
BELASTINGDIENST                 REFO:GVSXX20210101012345678
TERUGGAAF  NR. 999999989T900252 VOORSCHOT HUURTOESLAG 2019
(DE TEST     )                  MEER INFO OP WWW.TOESLA
GEN.NL
:61:190520C286,00NMSC028
:86:NL86INGB0002445588              INGBNL2A
BELASTINGDIENST                 REFO:GVSXX20210101012345678
TERUGGAAF  NR. 999999989T900252 VOORSCHOT HUURTOESLAG 2019
(DE TEST     )                  MEER INFO OP WWW.TOESLA
GEN.NL
:61:190620C286,00NMSC028
:86:NL86INGB0002445588              INGBNL2A
BELASTINGDIENST                 REFO:GVSXX20210101012345678
TERUGGAAF  NR. 999999989T900252 VOORSCHOT HUURTOESLAG 2019
(DE TEST     )                  MEER INFO OP WWW.TOESLA
GEN.NL
:61:190720C286,00NMSC028
:86:NL86INGB0002445588              INGBNL2A
BELASTINGDIENST                 REFO:GVSXX20210101012345678
TERUGGAAF  NR. 999999989T900252 VOORSCHOT HUURTOESLAG 2019
(DE TEST     )                  MEER INFO OP WWW.TOESLA
GEN.NL
:61:190820C286,00NMSC028
:86:NL86INGB0002445588              INGBNL2A
BELASTINGDIENST                 REFO:GVSXX20210101012345678
TERUGGAAF  NR. 999999989T900252 VOORSCHOT HUURTOESLAG 2019
(DE TEST     )                  MEER INFO OP WWW.TOESLA
GEN.NL
:61:190920C286,00NMSC028
:86:NL86INGB0002445588              INGBNL2A
BELASTINGDIENST                 REFO:GVSXX20210101012345678
TERUGGAAF  NR. 999999989T900252 VOORSCHOT HUURTOESLAG 2019
(DE TEST     )                  MEER INFO OP WWW.TOESLA
GEN.NL
:61:191020C286,00NMSC028
:86:NL86INGB0002445588              INGBNL2A
BELASTINGDIENST                 REFO:GVSXX20210101012345678
TERUGGAAF  NR. 999999989T900252 VOORSCHOT HUURTOESLAG 2019
(DE TEST     )                  MEER INFO OP WWW.TOESLA
GEN.NL
:61:191120C286,00NMSC028
:86:NL86INGB0002445588              INGBNL2A
BELASTINGDIENST                 REFO:GVSXX20210101012345678
TERUGGAAF  NR. 999999989T900252 VOORSCHOT HUURTOESLAG 2019
(DE TEST     )                  MEER INFO OP WWW.TOESLA
GEN.NL
:61:191220C286,00NMSC028
:86:NL86INGB0002445588              INGBNL2A
BELASTINGDIENST                 REFO:GVSXX20210101012345678
TERUGGAAF  NR. 999999989T900252 VOORSCHOT HUURTOESLAG 2020
(DE TEST     )                  MEER INFO OP WWW.TOESLA
GEN.NL
:61:200120C286,00NMSC028
:86:NL86INGB0002445588              INGBNL2A
BELASTINGDIENST                 REFO:GVSXX20210101012345678
TERUGGAAF  NR. 999999989T900252 VOORSCHOT HUURTOESLAG 2020
(DE TEST     )                  MEER INFO OP WWW.TOESLA
GEN.NL
:61:200220C286,00NMSC028
:86:NL86INGB0002445588              INGBNL2A
BELASTINGDIENST                 REFO:GVSXX20210101012345678
TERUGGAAF  NR. 999999989T900252 VOORSCHOT HUURTOESLAG 2020
(DE TEST     )                  MEER INFO OP WWW.TOESLA
GEN.NL
:61:200320C286,00NMSC028
:86:NL86INGB0002445588              INGBNL2A
BELASTINGDIENST                 REFO:GVSXX20210101012345678
TERUGGAAF  NR. 999999989T900252 VOORSCHOT HUURTOESLAG 2020
(DE TEST     )                  MEER INFO OP WWW.TOESLA
GEN.NL
:61:200420C286,00NMSC028
:86:NL86INGB0002445588              INGBNL2A
BELASTINGDIENST                 REFO:GVSXX20210101012345678
TERUGGAAF  NR. 999999989T900252 VOORSCHOT HUURTOESLAG 2020
(DE TEST     )                  MEER INFO OP WWW.TOESLA
GEN.NL
:61:200520C286,00NMSC028
:86:NL86INGB0002445588              INGBNL2A
BELASTINGDIENST                 REFO:GVSXX20210101012345678
TERUGGAAF  NR. 999999989T900252 VOORSCHOT HUURTOESLAG 2020
(DE TEST     )                  MEER INFO OP WWW.TOESLA
GEN.NL
:61:200622C286,00NMSC028
:86:NL86INGB0002445588              INGBNL2A
BELASTINGDIENST                 REFO:GVSXX20210101012345678
TERUGGAAF  NR. 999999989T900252 VOORSCHOT HUURTOESLAG 2020
(DE TEST     )                  MEER INFO OP WWW.TOESLA
GEN.NL
:61:200720C286,00NMSC028
:86:NL86INGB0002445588              INGBNL2A
BELASTINGDIENST                 REFO:GVSXX20210101012345678
TERUGGAAF  NR. 999999989T900252 VOORSCHOT HUURTOESLAG 2020
(DE TEST     )                  MEER INFO OP WWW.TOESLA
GEN.NL
:61:200820C286,00NMSC028
:86:NL86INGB0002445588              INGBNL2A
BELASTINGDIENST                 REFO:GVSXX20210101012345678
TERUGGAAF  NR. 999999989T900252 VOORSCHOT HUURTOESLAG 2020
(DE TEST     )                  MEER INFO OP WWW.TOESLA
GEN.NL
:61:200921C286,00NMSC028
:86:NL86INGB0002445588              INGBNL2A
BELASTINGDIENST                 REFO:GVSXX20210101012345678
TERUGGAAF  NR. 999999989T900252 VOORSCHOT HUURTOESLAG 2020
(DE TEST     )                  MEER INFO OP WWW.TOESLA
GEN.NL
:61:201020C286,00NMSC028
:86:NL86INGB0002445588              INGBNL2A
BELASTINGDIENST                 REFO:GVSXX20210101012345678
TERUGGAAF  NR. 999999989T900252 VOORSCHOT HUURTOESLAG 2020
(DE TEST     )                  MEER INFO OP WWW.TOESLA
GEN.NL
:61:201120C286,00NMSC028
:86:NL86INGB0002445588              INGBNL2A
BELASTINGDIENST                 REFO:GVSXX20210101012345678
TERUGGAAF  NR. 999999989T900252 VOORSCHOT HUURTOESLAG 2020
(DE TEST     )                  MEER INFO OP WWW.TOESLA
GEN.NL
:61:201220C286,00NMSC028
:86:NL86INGB0002445588              INGBNL2A
BELASTINGDIENST                 REFO:GVSXX20210101012345678
TERUGGAAF  NR. 999999989T900252 VOORSCHOT HUURTOESLAG 2021
(DE TEST     )                  MEER INFO OP WWW.TOESLA
GEN.NL
:61:210120C286,00NMSC028
:86:NL86INGB0002445588              INGBNL2A
BELASTINGDIENST                 REFO:GVSXX20210101012345678
TERUGGAAF  NR. 999999989T900252 VOORSCHOT HUURTOESLAG 2021
(DE TEST     )                  MEER INFO OP WWW.TOESLA
GEN.NL
:61:210220C286,00NMSC028
:86:NL86INGB0002445588              INGBNL2A
BELASTINGDIENST                 REFO:GVSXX20210101012345678
TERUGGAAF  NR. 999999989T900252 VOORSCHOT HUURTOESLAG 2021
(DE TEST     )                  MEER INFO OP WWW.TOESLA
GEN.NL
:61:210320C286,00NMSC028
:86:NL86INGB0002445588              INGBNL2A
BELASTINGDIENST                 REFO:GVSXX20210101012345678
TERUGGAAF  NR. 999999989T900252 VOORSCHOT HUURTOESLAG 2021
(DE TEST     )                  MEER INFO OP WWW.TOESLA
GEN.NL
:61:210420C286,00NMSC028
:86:NL86INGB0002445588              INGBNL2A
BELASTINGDIENST                 REFO:GVSXX20210101012345678
TERUGGAAF  NR. 999999989T900252 VOORSCHOT HUURTOESLAG 2021
(DE TEST     )                  MEER INFO OP WWW.TOESLA
GEN.NL
:61:210520C286,00NMSC028
:86:NL86INGB0002445588              INGBNL2A
BELASTINGDIENST                 REFO:GVSXX20210101012345678
TERUGGAAF  NR. 999999989T900252 VOORSCHOT HUURTOESLAG 2021
(DE TEST     )                  MEER INFO OP WWW.TOESLA
GEN.NL
:61:210622C286,00NMSC028
:86:NL86INGB0002445588              INGBNL2A
BELASTINGDIENST                 REFO:GVSXX20210101012345678
TERUGGAAF  NR. 999999989T900252 VOORSCHOT HUURTOESLAG 2021
(DE TEST     )                  MEER INFO OP WWW.TOESLA
GEN.NL
:61:210720C286,00NMSC028
:86:NL86INGB0002445588              INGBNL2A
BELASTINGDIENST                 REFO:GVSXX20210101012345678
TERUGGAAF  NR. 999999989T900252 VOORSCHOT HUURTOESLAG 2021
(DE TEST     )                  MEER INFO OP WWW.TOESLA
GEN.NL
:61:210820C286,00NMSC028
:86:NL86INGB0002445588              INGBNL2A
BELASTINGDIENST                 REFO:GVSXX20210101012345678
TERUGGAAF  NR. 999999989T900252 VOORSCHOT HUURTOESLAG 2021
(DE TEST     )                  MEER INFO OP WWW.TOESLA
GEN.NL
:61:210921C286,00NMSC028
:86:NL86INGB0002445588              INGBNL2A
BELASTINGDIENST                 REFO:GVSXX20210101012345678
TERUGGAAF  NR. 999999989T900252 VOORSCHOT HUURTOESLAG 2021
(DE TEST     )                  MEER INFO OP WWW.TOESLA
GEN.NL
:61:211020C286,00NMSC028
:86:NL86INGB0002445588              INGBNL2A
BELASTINGDIENST                 REFO:GVSXX20210101012345678
TERUGGAAF  NR. 999999989T900252 VOORSCHOT HUURTOESLAG 2021
(DE TEST     )                  MEER INFO OP WWW.TOESLA
GEN.NL
:61:211120C286,00NMSC028
:86:NL86INGB0002445588              INGBNL2A
BELASTINGDIENST                 REFO:GVSXX20210101012345678
TERUGGAAF  NR. 999999989T900252 VOORSCHOT HUURTOESLAG 2021
(DE TEST     )                  MEER INFO OP WWW.TOESLA
GEN.NL
:61:211220C286,00NMSC028
:86:NL86INGB0002445588              INGBNL2A
BELASTINGDIENST                 REFO:GVSXX20210101012345678
TERUGGAAF  NR. 999999989T900252 VOORSCHOT HUURTOESLAG 2022
(DE TEST     )                  MEER INFO OP WWW.TOESLA
GEN.NL
:61:220120C286,00NMSC028
:86:NL86INGB0002445588              INGBNL2A
BELASTINGDIENST                 REFO:GVSXX20210101012345678
TERUGGAAF  NR. 999999989T900252 VOORSCHOT HUURTOESLAG 2022
(DE TEST     )                  MEER INFO OP WWW.TOESLA
GEN.NL
:61:220220C286,00NMSC028
:86:NL86INGB0002445588              INGBNL2A
BELASTINGDIENST                 REFO:GVSXX20210101012345678
TERUGGAAF  NR. 999999989T900252 VOORSCHOT HUURTOESLAG 2022
(DE TEST     )                  MEER INFO OP WWW.TOESLA
GEN.NL
:61:220320C286,00NMSC028
:86:NL86INGB0002445588              INGBNL2A
BELASTINGDIENST                 REFO:GVSXX20210101012345678
TERUGGAAF  NR. 999999989T900252 VOORSCHOT HUURTOESLAG 2022
(DE TEST     )                  MEER INFO OP WWW.TOESLA
GEN.NL
:61:220420C286,00NMSC028
:86:NL86INGB0002445588              INGBNL2A
BELASTINGDIENST                 REFO:GVSXX20210101012345678
TERUGGAAF  NR. 999999989T900252 VOORSCHOT HUURTOESLAG 2022
(DE TEST     )                  MEER INFO OP WWW.TOESLA
GEN.NL
:61:220520C286,00NMSC028
:86:NL86INGB0002445588              INGBNL2A
BELASTINGDIENST                 REFO:GVSXX20210101012345678
TERUGGAAF  NR. 999999989T900252 VOORSCHOT HUURTOESLAG 2022
(DE TEST     )                  MEER INFO OP WWW.TOESLA
GEN.NL
:61:220622C286,00NMSC028
:86:NL86INGB0002445588              INGBNL2A
BELASTINGDIENST                 REFO:GVSXX20210101012345678
TERUGGAAF  NR. 999999989T900252 VOORSCHOT HUURTOESLAG 2022
(DE TEST     )                  MEER INFO OP WWW.TOESLA
GEN.NL
:61:220720C286,00NMSC028
:86:NL86INGB0002445588              INGBNL2A
BELASTINGDIENST                 REFO:GVSXX20210101012345678
TERUGGAAF  NR. 999999989T900252 VOORSCHOT HUURTOESLAG 2022
(DE TEST     )                  MEER INFO OP WWW.TOESLA
GEN.NL
:61:220820C286,00NMSC028
:86:NL86INGB0002445588              INGBNL2A
BELASTINGDIENST                 REFO:GVSXX20210101012345678
TERUGGAAF  NR. 999999989T900252 VOORSCHOT HUURTOESLAG 2022
(DE TEST     )                  MEER INFO OP WWW.TOESLA
GEN.NL
:61:220921C286,00NMSC028
:86:NL86INGB0002445588              INGBNL2A
BELASTINGDIENST                 REFO:GVSXX20210101012345678
TERUGGAAF  NR. 999999989T900252 VOORSCHOT HUURTOESLAG 2022
(DE TEST     )                  MEER INFO OP WWW.TOESLA
GEN.NL
:61:221020C286,00NMSC028
:86:NL86INGB0002445588              INGBNL2A
BELASTINGDIENST                 REFO:GVSXX20210101012345678
TERUGGAAF  NR. 999999989T900252 VOORSCHOT HUURTOESLAG 2022
(DE TEST     )                  MEER INFO OP WWW.TOESLA
GEN.NL
:61:221120C286,00NMSC028
:86:NL86INGB0002445588              INGBNL2A
BELASTINGDIENST                 REFO:GVSXX20210101012345678
TERUGGAAF  NR. 999999989T900252 VOORSCHOT HUURTOESLAG 2022
(DE TEST     )                  MEER INFO OP WWW.TOESLA
GEN.NL
:61:221220C286,00NMSC028
:86:NL86INGB0002445588              INGBNL2A
BELASTINGDIENST                 REFO:GVSXX20210101012345678
TERUGGAAF  NR. 999999989T900252 VOORSCHOT HUURTOESLAG 2023
(DE TEST     )                  MEER INFO OP WWW.TOESLA
GEN.NL
:61:230120C286,00NMSC028
:86:NL86INGB0002445588              INGBNL2A
BELASTINGDIENST                 REFO:GVSXX20210101012345678
TERUGGAAF  NR. 999999989T900252 VOORSCHOT HUURTOESLAG 2023
(DE TEST     )                  MEER INFO OP WWW.TOESLA
GEN.NL
:61:230220C286,00NMSC028
:86:NL86INGB0002445588              INGBNL2A
BELASTINGDIENST                 REFO:GVSXX20210101012345678
TERUGGAAF  NR. 999999989T900252 VOORSCHOT HUURTOESLAG 2023
(DE TEST     )                  MEER INFO OP WWW.TOESLA
GEN.NL
:61:230320C286,00NMSC028
:86:NL86INGB0002445588              INGBNL2A
BELASTINGDIENST                 REFO:GVSXX20210101012345678
TERUGGAAF  NR. 999999989T900252 VOORSCHOT HUURTOESLAG 2023
(DE TEST     )                  MEER INFO OP WWW.TOESLA
GEN.NL
:61:230420C286,00NMSC028
:86:NL86INGB0002445588              INGBNL2A
BELASTINGDIENST                 REFO:GVSXX20210101012345678
TERUGGAAF  NR. 999999989T900252 VOORSCHOT HUURTOESLAG 2023
(DE TEST     )                  MEER INFO OP WWW.TOESLA
GEN.NL
:61:230520C286,00NMSC028
:86:NL86INGB0002445588              INGBNL2A
BELASTINGDIENST                 REFO:GVSXX20210101012345678
TERUGGAAF  NR. 999999989T900252 VOORSCHOT HUURTOESLAG 2023
(DE TEST     )                  MEER INFO OP WWW.TOESLA
GEN.NL
:61:230622C286,00NMSC028
:86:NL86INGB0002445588              INGBNL2A
BELASTINGDIENST                 REFO:GVSXX20210101012345678
TERUGGAAF  NR. 999999989T900252 VOORSCHOT HUURTOESLAG 2023
(DE TEST     )                  MEER INFO OP WWW.TOESLA
GEN.NL
:61:230720C286,00NMSC028
:86:NL86INGB0002445588              INGBNL2A
BELASTINGDIENST                 REFO:GVSXX20210101012345678
TERUGGAAF  NR. 999999989T900252 VOORSCHOT HUURTOESLAG 2023
(DE TEST     )                  MEER INFO OP WWW.TOESLA
GEN.NL
:61:230820C286,00NMSC028
:86:NL86INGB0002445588              INGBNL2A
BELASTINGDIENST                 REFO:GVSXX20210101012345678
TERUGGAAF  NR. 999999989T900252 VOORSCHOT HUURTOESLAG 2023
(DE TEST     )                  MEER INFO OP WWW.TOESLA
GEN.NL
:61:230921C286,00NMSC028
:86:NL86INGB0002445588              INGBNL2A
BELASTINGDIENST                 REFO:GVSXX20210101012345678
TERUGGAAF  NR. 999999989T900252 VOORSCHOT HUURTOESLAG 2023
(DE TEST     )                  MEER INFO OP WWW.TOESLA
GEN.NL
:61:231020C286,00NMSC028
:86:NL86INGB0002445588              INGBNL2A
BELASTINGDIENST                 REFO:GVSXX20210101012345678
TERUGGAAF  NR. 999999989T900252 VOORSCHOT HUURTOESLAG 2023
(DE TEST     )                  MEER INFO OP WWW.TOESLA
GEN.NL
:61:231120C286,00NMSC028
:86:NL86INGB0002445588              INGBNL2A
BELASTINGDIENST                 REFO:GVSXX20210101012345678
TERUGGAAF  NR. 999999989T900252 VOORSCHOT HUURTOESLAG 2023
(DE TEST     )                  MEER INFO OP WWW.TOESLA
GEN.NL
:61:231220C286,00NMSC028
:86:NL86INGB0002445588              INGBNL2A
BELASTINGDIENST                 REFO:GVSXX20210101012345678
TERUGGAAF  NR. 999999989T900252 VOORSCHOT HUURTOESLAG 2024
(DE TEST     )                  MEER INFO OP WWW.TOESLA
GEN.NL
:62F:C201126EUR0,00
-