0200 13XXXXXXXXXXXX00000
0200 13BNGHNL20AXXX00000
940 02
:20:34948929
:25:NL66BNGH0123456789
:28C:1/1
:60F:D221020EUR0,00
:61:221020C25,00NMSC028
:86:NL71ABNA0411065785               Aanvullende uitkering ZOEKTERMPERSONA1 deel 1 van 2
:61:221020C50,00NMSC028
:86:NL71ABNA0411065785               Aanvullende uitkering ZOEKTERMPERSONA1 deel 2 van 2
:62F:C221020EUR0,00
-
