<?xml version="1.0" encoding="UTF-8" standalone="yes"?>
<Document xmlns="urn:iso:std:iso:20022:tech:xsd:camt.053.001.02">
    <BkToCstmrStmt>
        <GrpHdr>
            <MsgId>227331700</MsgId>
            <CreDtTm>2021-08-04T04:09:08.448Z</CreDtTm>
            <MsgRcpt>
                <Nm>SAMPLECLIENT, INC.</Nm>
                <Id>
                    <OrgId>
                        <Othr>
                            <Id>sampleclient</Id>
                        </Othr>
                    </OrgId>
                </Id>
            </MsgRcpt>
        </GrpHdr>
        <Stmt>
            <Id>9668420</Id>
            <ElctrncSeqNb>1</ElctrncSeqNb>
            <LglSeqNb>1</LglSeqNb>
            <CreDtTm>2021-08-04T04:09:10.259Z</CreDtTm>
            <FrToDt>
                <FrDtTm>2021-08-03T00:00:00.000Z</FrDtTm>
                <ToDtTm>2021-08-03T23:59:59.000Z</ToDtTm>
            </FrToDt>
            <Acct>
                <Id>
                    <IBAN>NL36ABNA5632579034</IBAN>
                </Id>
                <Tp>
                    <Prtry>IBDA_DDA</Prtry>
                </Tp>
                <Ccy>USD</Ccy>
                <Nm>SC Corporate Account</Nm>
                <Svcr>
                    <FinInstnId>
                        <BIC>GSCRUS30</BIC>
                        <Nm>Goldman Sachs Bank</Nm>
                    </FinInstnId>
                </Svcr>
            </Acct>
            <Bal>
                <Tp>
                    <CdOrPrtry>
                        <Cd>OPBD</Cd>
                    </CdOrPrtry>
                </Tp>
                <Amt Ccy="USD">1007774.12</Amt>
                <CdtDbtInd>CRDT</CdtDbtInd>
                <Dt>
                    <DtTm>2021-08-02T23:59:00.000Z</DtTm>
                </Dt>
            </Bal>
            <Bal>
                <Tp>
                    <CdOrPrtry>
                        <Cd>CLBD</Cd>
                    </CdOrPrtry>
                </Tp>
                <Amt Ccy="USD">1007687.04</Amt>
                <CdtDbtInd>CRDT</CdtDbtInd>
                <Dt>
                    <DtTm>2021-08-03T23:59:00.000Z</DtTm>
                </Dt>
            </Bal>
            <TxsSummry>
                <TtlNtries>
                    <NbOfNtries>1</NbOfNtries>
                    <Sum>123.45</Sum>
                    <TtlNetNtryAmt>123.45</TtlNetNtryAmt>
                    <CdtDbtInd>DBIT</CdtDbtInd>
                </TtlNtries>
                <TtlCdtNtries>
                    <NbOfNtries>0</NbOfNtries>
                    <Sum>0.00</Sum>
                </TtlCdtNtries>
                <TtlDbtNtries>
                    <NbOfNtries>2</NbOfNtries>
                    <Sum>123.45</Sum>
                </TtlDbtNtries>
            </TxsSummry>
            <Ntry>
                <Amt Ccy="EUR">123.45</Amt>
                <CdtDbtInd>DBIT</CdtDbtInd>
                <Sts>BOOK</Sts>
                <BookgDt>
                    <Dt>2024-02-09</Dt>
                </BookgDt>
                <ValDt>
                    <Dt>2024-02-09</Dt>
                </ValDt>
                <AcctSvcrRef>232070C7H4CYV5</AcctSvcrRef>
                <BkTxCd>
                    -<Prtry>
                        <Cd>849</Cd>
                        <Issr>BNGBANK</Issr>
                    </Prtry>
                </BkTxCd>
                <NtryDtls>
                    <TxDtls>
                        <Refs>
                            <InstrId>INNDNL2U20260723000025610002518</InstrId>
                            <EndToEndId>123456789</EndToEndId>
                            <MndtId>5784272</MndtId>
                        </Refs>
                        <AmtDtls>
                            <TxAmt>
                                <Amt Ccy="EUR">123.45</Amt>
                            </TxAmt>
                        </AmtDtls>
                        <BkTxCd>
                            <Prtry>
                                <Cd>849</Cd>
                                <Issr>KNAB</Issr>
                            </Prtry>
                        </BkTxCd>
                        <RltdPties>
                            <Cdtr>
                                <Nm>Acme Company</Nm>
                            </Cdtr>
                            <CdtrAcct>
                                -<Id>
                                    <IBAN>NL76KNAB0903997312</IBAN>
                                </Id>
                            </CdtrAcct>
                        </RltdPties>
                        <RltdAgts>
                            <CdtrAgt>
                                <FinInstnId>
                                    <BIC>KNABNL2H</BIC>
                                </FinInstnId>
                            </CdtrAgt>
                        </RltdAgts>
                        <RmtInf>
                            <Ustrd>Willekeurige betaling</Ustrd>
                        </RmtInf>
                    </TxDtls>
                </NtryDtls>
                <AddtlNtryInf>/TRTP/SEPA Incasso/REMI/Willekeurige betaling/CSID/NL12ZZZ091567230000/SVCL/CORE</AddtlNtryInf>
            </Ntry>
        </Stmt>
    </BkToCstmrStmt>
</Document>