<?xml version='1.0' encoding='utf-8'?>
<Document xmlns="urn:iso:std:iso:20022:tech:xsd:camt.053.001.02" xmlns_xsi="http://www.w3.org/2001/XMLSchema-instance"><BkToCstmrStmt><GrpHdr><MsgId>b9f90efc-825f-45fe-871a-cd5a5f34d2ee</MsgId><CreDtTm>2024-04-08T14:57:18.990769</CreDtTm><MsgPgntn><PgNb>1</PgNb><LastPgInd>true</LastPgInd></MsgPgntn></GrpHdr><Stmt><Id>1</Id><ElctrncSeqNb>1</ElctrncSeqNb><CreDtTm>2024-04-08T14:57:18.991766</CreDtTm><Acct><Id><IBAN>NL36ABNA5632579034</IBAN></Id><Ccy>EUR</Ccy><Svcr><FinInstnId><BIC>ASNBNL21</BIC></FinInstnId></Svcr></Acct><Bal><Tp><CdOrPrtry><Cd>OPBD</Cd></CdOrPrtry></Tp><Amt Ccy="EUR">0.00</Amt><CdtDbtInd>CRDT</CdtDbtInd></Bal><Bal><Tp><CdOrPrtry><Cd>CRDT</Cd></CdOrPrtry></Tp><Amt Ccy="EUR">0.00</Amt><CdtDbtInd>CRDT</CdtDbtInd></Bal><Ntry><Amt Ccy="EUR">250</Amt><NtryDtls><TxDtls><CdtrAcct><Id><IBAN>NL09INGB4826953240</IBAN></Id></CdtrAcct></TxDtls></NtryDtls><CdtDbtInd>CRDT</CdtDbtInd><BookgDt><Dt>2024-07-15</Dt></BookgDt><ValDt><Dt>2024-07-15</Dt></ValDt><AddtlNtryInf>ZOEKTERMPERSONA1 loon correcte format 2024-07-15 00:00:00</AddtlNtryInf></Ntry><Ntry><Amt Ccy="EUR">250</Amt><NtryDtls><TxDtls><CdtrAcct><Id><IBAN>NL09INGB4826953240</IBAN></Id></CdtrAcct></TxDtls></NtryDtls><CdtDbtInd>CRDT</CdtDbtInd><BookgDt><Dt>2024-08-15</Dt></BookgDt><ValDt><Dt>2024-08-15</Dt></ValDt><AddtlNtryInf>ZOEKTERMPERSONA1 loon correcte format 2024-08-15 00:00:00</AddtlNtryInf></Ntry><Ntry><Amt Ccy="EUR">250</Amt><NtryDtls><TxDtls><CdtrAcct><Id><IBAN>NL09INGB4826953240</IBAN></Id></CdtrAcct></TxDtls></NtryDtls><CdtDbtInd>CRDT</CdtDbtInd><BookgDt><Dt>2024-09-15</Dt></BookgDt><ValDt><Dt>2024-09-15</Dt></ValDt><AddtlNtryInf>ZOEKTERMPERSONA1 loon correcte format 2024-09-15 00:00:00</AddtlNtryInf></Ntry><Ntry><Amt Ccy="EUR">250</Amt><NtryDtls><TxDtls><CdtrAcct><Id><IBAN>NL09INGB4826953240</IBAN></Id></CdtrAcct></TxDtls></NtryDtls><CdtDbtInd>CRDT</CdtDbtInd><BookgDt><Dt>2024-10-15</Dt></BookgDt><ValDt><Dt>2024-10-15</Dt></ValDt><AddtlNtryInf>ZOEKTERMPERSONA1 loon correcte format 2024-10-15 00:00:00</AddtlNtryInf></Ntry></Stmt></BkToCstmrStmt></Document>