<?xml version='1.0' encoding='utf-8'?>
<Document xmlns="urn:iso:std:iso:20022:tech:xsd:camt.053.001.02" xmlns_xsi="http://www.w3.org/2001/XMLSchema-instance">
    <BkToCstmrStmt>
        <GrpHdr>
            <MsgId>588d0a9f-439d-4410-8a3e-1354c2a9c55e</MsgId>
            <CreDtTm>2023-10-27T13:58:31.802216</CreDtTm>
            <MsgPgntn>
                <PgNb>1</PgNb>
                <LastPgInd>true</LastPgInd>
            </MsgPgntn>
        </GrpHdr>
        <Stmt>
            <Id>1</Id>
            <ElctrncSeqNb>1</ElctrncSeqNb>
            <CreDtTm>2023-10-27T13:58:31.802216</CreDtTm>
            <Acct>
                <Id>
                    <IBAN>NL36ABNA5632579034</IBAN>
                </Id>
                <Ccy>EUR</Ccy>
                <Svcr>
                    <FinInstnId>
                        <BIC>ABNANL2A</BIC>
                    </FinInstnId>
                </Svcr>
            </Acct>
            <Bal>
                <Tp>
                    <CdOrPrtry>
                        <Cd>OPBD</Cd>
                    </CdOrPrtry>
                </Tp>
                <Amt Ccy="EUR">0.00</Amt>
                <CdtDbtInd>CRDT</CdtDbtInd>
            </Bal>
            <Bal>
                <Tp>
                    <CdOrPrtry>
                        <Cd>CRDT</Cd>
                    </CdOrPrtry>
                </Tp>
                <Amt Ccy="EUR">0.00</Amt>
                <CdtDbtInd>CRDT</CdtDbtInd>
            </Bal>
            <TxsSummry>
                <TtlNtries>
                    <NbOfNtries>1</NbOfNtries>
                    <Sum>1251.26</Sum>
                    <TtlNetNtryAmt>1251.26</TtlNetNtryAmt>
                    <CdtDbtInd>CRDT</CdtDbtInd>
                </TtlNtries>
                <TtlCdtNtries>
                    <NbOfNtries>1</NbOfNtries>
                    <Sum>1251.26</Sum>
                </TtlCdtNtries>
                <TtlDbtNtries>
                    <NbOfNtries>0</NbOfNtries>
                    <Sum>0.00</Sum>
                </TtlDbtNtries>
            </TxsSummry>
            <Ntry>
                <Amt Ccy="EUR">-1251.26</Amt>
                <CdtDbtInd>CRDT</CdtDbtInd>
                <Sts>BOOK</Sts>
                <BookgDt>
                    <Dt>2023-10-27</Dt>
                </BookgDt>
                <ValDt>
                    <Dt>2023-10-27</Dt>
                </ValDt>
                <AcctSvcrRef>23300A92031011</AcctSvcrRef>
                <BkTxCd>
                    <Prtry>
                        <Cd>863</Cd>
                        <Issr>BNGBANK</Issr>
                    </Prtry>
                </BkTxCd>
                <NtryDtls>
                    <TxDtls>
                        <Refs>
                            <InstrId>85</InstrId>
                            <EndToEndId>000000013289682</EndToEndId>
                        </Refs>
                        <AmtDtls>
                            <TxAmt>
                                <Amt Ccy="EUR">-1251.26</Amt>
                            </TxAmt>
                        </AmtDtls>
                        <BkTxCd>
                            <Prtry>
                                <Cd>863</Cd>
                                <Issr>BNGBANK</Issr>
                            </Prtry>
                        </BkTxCd>
                        <RltdPties>
                            <Dbtr>
                                <Nm>GEM UTRECHT WENI</Nm>
                            </Dbtr>
                            <DbtrAcct>
                                <Id>
                                    <IBAN>NL76BNGH0285178598</IBAN>
                                </Id>
                            </DbtrAcct>
                        </RltdPties>
                        <RltdAgts>
                            <DbtrAgt>
                                <FinInstnId>
                                    <BIC>BNGHNL2G</BIC>
                                </FinInstnId>
                            </DbtrAgt>
                        </RltdAgts>
                        <RmtInf>
                            <Ustrd>Negatief bedrag</Ustrd>
                        </RmtInf>
                    </TxDtls>
                </NtryDtls>
                <AddtlNtryInf>/TRTP/SEPA betaalbatch via BNG BTV/REMI/Negatief bedrag</AddtlNtryInf>
            </Ntry>
        </Stmt>
    </BkToCstmrStmt>
</Document>