0200 13XXXXXXXXXXXX00000
0200 13BNGHNL20AXXX00000
940 02
:20:34948929
:25:NL66BNGH0123456789
:28C:1/1
:60F:D201101EUR0,00
:61:190104D647,35NMSC028
:86:NL15BNGH0285162624               Huur januari 2019
:61:190204D647,35NMSC028
:86:NL15BNGH0285162624               Huur februari 2019
:61:190304D647,35NMSC028
:86:NL15BNGH0285162624               Huur maart 2019
:61:190404D647,35NMSC028
:86:NL15BNGH0285162624               Huur april 2019
:61:190504D647,35NMSC028
:86:NL15BNGH0285162624               Huur mei 2019
:61:190604D647,35NMSC028
:86:NL15BNGH0285162624               Huur juni 2019
:61:190704D647,35NMSC028
:86:NL15BNGH0285162624               Huur juli 2019
:61:190804D647,35NMSC028
:86:NL15BNGH0285162624               Huur augustus 2019
:61:190904D647,35NMSC028
:86:NL15BNGH0285162624               Huur september 2019
:61:191004D647,35NMSC028
:86:NL15BNGH0285162624               Huur oktober 2019
:61:191104D647,35NMSC028
:86:NL15BNGH0285162624               Huur november 2019
:61:191204D647,35NMSC028
:86:NL15BNGH0285162624               Huur december 2019
:61:200104D647,35NMSC028
:86:NL15BNGH0285162624               Huur januari 2020
:61:200204D647,35NMSC028
:86:NL15BNGH0285162624               Huur februari 2020
:61:200304D647,35NMSC028
:86:NL15BNGH0285162624               Huur maart 2020
:61:200404D647,35NMSC028
:86:NL15BNGH0285162624               Huur april 2020
:61:200504D647,35NMSC028
:86:NL15BNGH0285162624               Huur mei 2020
:61:200604D647,35NMSC028
:86:NL15BNGH0285162624               Huur juni 2020
:61:200704D647,35NMSC028
:86:NL15BNGH0285162624               Huur juli 2020
:61:200804D647,35NMSC028
:86:NL15BNGH0285162624               Huur augustus 2020
:61:200904D647,35NMSC028
:86:NL15BNGH0285162624               Huur september 2020
:61:201004D647,35NMSC028
:86:NL15BNGH0285162624               Huur oktober 2020
:61:201104D647,35NMSC028
:86:NL15BNGH0285162624               Huur november 2020
:61:201204D647,35NMSC028
:86:NL15BNGH0285162624               Huur december 2020
:61:210104D647,35NMSC028
:86:NL15BNGH0285162624               Huur januari 2021
:62F:C201126EUR0,00
-
