0200 13XXXXXXXXXXXX00000
0200 13BNGHNL20AXXX00000
940 02
:20:34948929
:25:NL66BNGH0123456789
:28C:1/1
:60F:D201101EUR0,00
:61:190125C765,32NMSC028
:86:AH00AHOL0000000001               Loon januari 2019
:61:190225C765,32NMSC028
:86:AH00AHOL0000000001               Loon februari 2019
:61:190325C765,32NMSC028
:86:AH00AHOL0000000001               Loon maart 2019
:61:190425C1200,00NMSC028
:86:AH00AHOL0000000001               Loon april 2019
:61:190525C765,32NMSC028
:86:AH00AHOL0000000001               Loon mei 2019
:61:190625C765,32NMSC028
:86:AH00AHOL0000000001               Loon juni 2019
:61:190725C765,32NMSC028
:86:AH00AHOL0000000001               Loon juli 2019
:61:190825C765,32NMSC028
:86:AH00AHOL0000000001               Loon augustus 2019
:61:190925C765,32NMSC028
:86:AH00AHOL0000000001               Loon september 2019
:61:191025C765,32NMSC028
:86:AH00AHOL0000000001               Loon oktober 2019
:61:191125C765,32NMSC028
:86:AH00AHOL0000000001               Loon november 2019
:61:191225C765,32NMSC028
:86:AH00AHOL0000000001               Loon december 2019
:61:200125C765,32NMSC028
:86:AH00AHOL0000000001               Loon januari 2020
:61:200225C765,32NMSC028
:86:AH00AHOL0000000001               Loon februari 2020
:61:200325C765,32NMSC028
:86:AH00AHOL0000000001               Loon maart 2020
:61:200425C1200,00NMSC028
:86:AH00AHOL0000000001               Loon april 2020
:61:200525C765,32NMSC028
:86:AH00AHOL0000000001               Loon mei 2020
:61:200625C765,32NMSC028
:86:AH00AHOL0000000001               Loon juni 2020
:61:200725C765,32NMSC028
:86:AH00AHOL0000000001               Loon juli 2020
:61:200825C765,32NMSC028
:86:AH00AHOL0000000001               Loon augustus 2020
:61:200925C765,32NMSC028
:86:AH00AHOL0000000001               Loon september 2020
:61:201025C765,32NMSC028
:86:AH00AHOL0000000001               Loon oktober 2020
:61:201125C765,32NMSC028
:86:AH00AHOL0000000001               Loon november 2020
:61:201225C765,32NMSC028
:86:AH00AHOL0000000001               Loon december 2020
:61:210125C765,32NMSC028
:86:AH00AHOL0000000001               Loon januari 2021
:62F:C201126EUR0,00
-
