0200 13XXXXXXXXXXXX00000
0200 13BNGHNL20AXXX00000
940 02
:20:34948929
:25:NL66BNGH0123456789
:28C:1/1
:60F:D201101EUR0,00
:61:190120C322,00NMSC028
:86:NL86INGB0002445588              INGBNL2A
BELASTINGDIENST                 REFO:GVSXX20210101012345678
TERUGGAAF  NR. 999999990T900252 VOORSCHOT HUURTOESLAG 2019
(DE TEST     )                  MEER INFO OP WWW.TOESLA
GEN.NL
:61:190220C322,00NMSC028
:86:NL86INGB0002445588              INGBNL2A
BELASTINGDIENST                 REFO:GVSXX20210101012345678
TERUGGAAF  NR. 999999990T900252 VOORSCHOT HUURTOESLAG 2019
(DE TEST     )                  MEER INFO OP WWW.TOESLA
GEN.NL
:61:190320C322,00NMSC028
:86:NL86INGB0002445588              INGBNL2A
BELASTINGDIENST                 REFO:GVSXX20210101012345678
TERUGGAAF  NR. 999999990T900252 VOORSCHOT HUURTOESLAG 2019
(DE TEST     )                  MEER INFO OP WWW.TOESLA
GEN.NL
:61:190420C322,00NMSC028
:86:NL86INGB0002445588              INGBNL2A
BELASTINGDIENST                 REFO:GVSXX20210101012345678
TERUGGAAF  NR. 999999990T900252 VOORSCHOT HUURTOESLAG 2019
(DE TEST     )                  MEER INFO OP WWW.TOESLA
GEN.NL
:61:190520C322,00NMSC028
:86:NL86INGB0002445588              INGBNL2A
BELASTINGDIENST                 REFO:GVSXX20210101012345678
TERUGGAAF  NR. 999999990T900252 VOORSCHOT HUURTOESLAG 2019
(DE TEST     )                  MEER INFO OP WWW.TOESLA
GEN.NL
:61:190620C322,00NMSC028
:86:NL86INGB0002445588              INGBNL2A
BELASTINGDIENST                 REFO:GVSXX20210101012345678
TERUGGAAF  NR. 999999990T900252 VOORSCHOT HUURTOESLAG 2019
(DE TEST     )                  MEER INFO OP WWW.TOESLA
GEN.NL
:61:190720C322,00NMSC028
:86:NL86INGB0002445588              INGBNL2A
BELASTINGDIENST                 REFO:GVSXX20210101012345678
TERUGGAAF  NR. 999999990T900252 VOORSCHOT HUURTOESLAG 2019
(DE TEST     )                  MEER INFO OP WWW.TOESLA
GEN.NL
:61:190820C322,00NMSC028
:86:NL86INGB0002445588              INGBNL2A
BELASTINGDIENST                 REFO:GVSXX20210101012345678
TERUGGAAF  NR. 999999990T900252 VOORSCHOT HUURTOESLAG 2019
(DE TEST     )                  MEER INFO OP WWW.TOESLA
GEN.NL
:61:190920C322,00NMSC028
:86:NL86INGB0002445588              INGBNL2A
BELASTINGDIENST                 REFO:GVSXX20210101012345678
TERUGGAAF  NR. 999999990T900252 VOORSCHOT HUURTOESLAG 2019
(DE TEST     )                  MEER INFO OP WWW.TOESLA
GEN.NL
:61:191020C322,00NMSC028
:86:NL86INGB0002445588              INGBNL2A
BELASTINGDIENST                 REFO:GVSXX20210101012345678
TERUGGAAF  NR. 999999990T900252 VOORSCHOT HUURTOESLAG 2019
(DE TEST     )                  MEER INFO OP WWW.TOESLA
GEN.NL
:61:191120C322,00NMSC028
:86:NL86INGB0002445588              INGBNL2A
BELASTINGDIENST                 REFO:GVSXX20210101012345678
TERUGGAAF  NR. 999999990T900252 VOORSCHOT HUURTOESLAG 2019
(DE TEST     )                  MEER INFO OP WWW.TOESLA
GEN.NL
:61:191220C322,00NMSC028
:86:NL86INGB0002445588              INGBNL2A
BELASTINGDIENST                 REFO:GVSXX20210101012345678
TERUGGAAF  NR. 999999990T900252 VOORSCHOT HUURTOESLAG 2020
(DE TEST     )                  MEER INFO OP WWW.TOESLA
GEN.NL
:61:200120C322,00NMSC028
:86:NL86INGB0002445588              INGBNL2A
BELASTINGDIENST                 REFO:GVSXX20210101012345678
TERUGGAAF  NR. 999999990T900252 VOORSCHOT HUURTOESLAG 2020
(DE TEST     )                  MEER INFO OP WWW.TOESLA
GEN.NL
:61:200220C322,00NMSC028
:86:NL86INGB0002445588              INGBNL2A
BELASTINGDIENST                 REFO:GVSXX20210101012345678
TERUGGAAF  NR. 999999990T900252 VOORSCHOT HUURTOESLAG 2020
(DE TEST     )                  MEER INFO OP WWW.TOESLA
GEN.NL
:61:200320C322,00NMSC028
:86:NL86INGB0002445588              INGBNL2A
BELASTINGDIENST                 REFO:GVSXX20210101012345678
TERUGGAAF  NR. 999999990T900252 VOORSCHOT HUURTOESLAG 2020
(DE TEST     )                  MEER INFO OP WWW.TOESLA
GEN.NL
:61:200420C322,00NMSC028
:86:NL86INGB0002445588              INGBNL2A
BELASTINGDIENST                 REFO:GVSXX20210101012345678
TERUGGAAF  NR. 999999990T900252 VOORSCHOT HUURTOESLAG 2020
(DE TEST     )                  MEER INFO OP WWW.TOESLA
GEN.NL
:61:200520C322,00NMSC028
:86:NL86INGB0002445588              INGBNL2A
BELASTINGDIENST                 REFO:GVSXX20210101012345678
TERUGGAAF  NR. 999999990T900252 VOORSCHOT HUURTOESLAG 2020
(DE TEST     )                  MEER INFO OP WWW.TOESLA
GEN.NL
:61:200622C322,00NMSC028
:86:NL86INGB0002445588              INGBNL2A
BELASTINGDIENST                 REFO:GVSXX20210101012345678
TERUGGAAF  NR. 999999990T900252 VOORSCHOT HUURTOESLAG 2020
(DE TEST     )                  MEER INFO OP WWW.TOESLA
GEN.NL
:61:200720C322,00NMSC028
:86:NL86INGB0002445588              INGBNL2A
BELASTINGDIENST                 REFO:GVSXX20210101012345678
TERUGGAAF  NR. 999999990T900252 VOORSCHOT HUURTOESLAG 2020
(DE TEST     )                  MEER INFO OP WWW.TOESLA
GEN.NL
:61:200820C322,00NMSC028
:86:NL86INGB0002445588              INGBNL2A
BELASTINGDIENST                 REFO:GVSXX20210101012345678
TERUGGAAF  NR. 999999990T900252 VOORSCHOT HUURTOESLAG 2020
(DE TEST     )                  MEER INFO OP WWW.TOESLA
GEN.NL
:61:200921C322,00NMSC028
:86:NL86INGB0002445588              INGBNL2A
BELASTINGDIENST                 REFO:GVSXX20210101012345678
TERUGGAAF  NR. 999999990T900252 VOORSCHOT HUURTOESLAG 2020
(DE TEST     )                  MEER INFO OP WWW.TOESLA
GEN.NL
:61:201020C322,00NMSC028
:86:NL86INGB0002445588              INGBNL2A
BELASTINGDIENST                 REFO:GVSXX20210101012345678
TERUGGAAF  NR. 999999990T900252 VOORSCHOT HUURTOESLAG 2020
(DE TEST     )                  MEER INFO OP WWW.TOESLA
GEN.NL
:61:201120C322,00NMSC028
:86:NL86INGB0002445588              INGBNL2A
BELASTINGDIENST                 REFO:GVSXX20210101012345678
TERUGGAAF  NR. 999999990T900252 VOORSCHOT HUURTOESLAG 2020
(DE TEST     )                  MEER INFO OP WWW.TOESLA
GEN.NL
:61:201220C322,00NMSC028
:86:NL86INGB0002445588              INGBNL2A
BELASTINGDIENST                 REFO:GVSXX20210101012345678
TERUGGAAF  NR. 999999990T900252 VOORSCHOT HUURTOESLAG 2021
(DE TEST     )                  MEER INFO OP WWW.TOESLA
GEN.NL
:61:210120C322,00NMSC028
:86:NL86INGB0002445588              INGBNL2A
BELASTINGDIENST                 REFO:GVSXX20210101012345678
TERUGGAAF  NR. 999999990T900252 VOORSCHOT HUURTOESLAG 2021
(DE TEST     )                  MEER INFO OP WWW.TOESLA
GEN.NL
:61:210220C322,00NMSC028
:86:NL86INGB0002445588              INGBNL2A
BELASTINGDIENST                 REFO:GVSXX20210101012345678
TERUGGAAF  NR. 999999990T900252 VOORSCHOT HUURTOESLAG 2021
(DE TEST     )                  MEER INFO OP WWW.TOESLA
GEN.NL
:61:210320C322,00NMSC028
:86:NL86INGB0002445588              INGBNL2A
BELASTINGDIENST                 REFO:GVSXX20210101012345678
TERUGGAAF  NR. 999999990T900252 VOORSCHOT HUURTOESLAG 2021
(DE TEST     )                  MEER INFO OP WWW.TOESLA
GEN.NL
:61:210420C322,00NMSC028
:86:NL86INGB0002445588              INGBNL2A
BELASTINGDIENST                 REFO:GVSXX20210101012345678
TERUGGAAF  NR. 999999990T900252 VOORSCHOT HUURTOESLAG 2021
(DE TEST     )                  MEER INFO OP WWW.TOESLA
GEN.NL
:61:210520C322,00NMSC028
:86:NL86INGB0002445588              INGBNL2A
BELASTINGDIENST                 REFO:GVSXX20210101012345678
TERUGGAAF  NR. 999999990T900252 VOORSCHOT HUURTOESLAG 2021
(DE TEST     )                  MEER INFO OP WWW.TOESLA
GEN.NL
:61:210622C322,00NMSC028
:86:NL86INGB0002445588              INGBNL2A
BELASTINGDIENST                 REFO:GVSXX20210101012345678
TERUGGAAF  NR. 999999990T900252 VOORSCHOT HUURTOESLAG 2021
(DE TEST     )                  MEER INFO OP WWW.TOESLA
GEN.NL
:61:210720C322,00NMSC028
:86:NL86INGB0002445588              INGBNL2A
BELASTINGDIENST                 REFO:GVSXX20210101012345678
TERUGGAAF  NR. 999999990T900252 VOORSCHOT HUURTOESLAG 2021
(DE TEST     )                  MEER INFO OP WWW.TOESLA
GEN.NL
:61:210820C322,00NMSC028
:86:NL86INGB0002445588              INGBNL2A
BELASTINGDIENST                 REFO:GVSXX20210101012345678
TERUGGAAF  NR. 999999990T900252 VOORSCHOT HUURTOESLAG 2021
(DE TEST     )                  MEER INFO OP WWW.TOESLA
GEN.NL
:61:210921C322,00NMSC028
:86:NL86INGB0002445588              INGBNL2A
BELASTINGDIENST                 REFO:GVSXX20210101012345678
TERUGGAAF  NR. 999999990T900252 VOORSCHOT HUURTOESLAG 2021
(DE TEST     )                  MEER INFO OP WWW.TOESLA
GEN.NL
:61:211020C322,00NMSC028
:86:NL86INGB0002445588              INGBNL2A
BELASTINGDIENST                 REFO:GVSXX20210101012345678
TERUGGAAF  NR. 999999990T900252 VOORSCHOT HUURTOESLAG 2021
(DE TEST     )                  MEER INFO OP WWW.TOESLA
GEN.NL
:61:211120C322,00NMSC028
:86:NL86INGB0002445588              INGBNL2A
BELASTINGDIENST                 REFO:GVSXX20210101012345678
TERUGGAAF  NR. 999999990T900252 VOORSCHOT HUURTOESLAG 2021
(DE TEST     )                  MEER INFO OP WWW.TOESLA
GEN.NL
:61:211220C322,00NMSC028
:86:NL86INGB0002445588              INGBNL2A
BELASTINGDIENST                 REFO:GVSXX20210101012345678
TERUGGAAF  NR. 999999990T900252 VOORSCHOT HUURTOESLAG 2022
(DE TEST     )                  MEER INFO OP WWW.TOESLA
GEN.NL
:62F:C201126EUR0,00
-
