0200 13XXXXXXXXXXXX00000
0200 13BNGHNL20AXXX00000
940 02
:20:34948929
:25:NL66BNGH0123456789
:28C:1/1
:60F:D201101EUR0,00
:61:190101D41,61NMSC028
:86:NL94INGB0000869000               Water januari 2019
:61:190401D41,61NMSC028
:86:NL94INGB0000869000               Water april 2019
:61:190701D41,61NMSC028
:86:NL94INGB0000869000               Water juli 2019
:61:190801D41,61NMSC028
:86:NL94INGB0000869000               Water oktober 2019
:61:200101D41,61NMSC028
:86:NL94INGB0000869000               Water januari 2020
:61:200401D41,61NMSC028
:86:NL94INGB0000869000               Water april 2020
:61:200701D41,61NMSC028
:86:NL94INGB0000869000               Water juli 2020
:61:200801D41,61NMSC028
:86:NL94INGB0000869000               Water oktober 2020
:61:210101D41,61NMSC028
:86:NL94INGB0000869000               Water januari 2021
:62F:C201126EUR0,00
-
