<?xml version='1.0' encoding='utf-8'?>
  <Document xmlns="urn:iso:std:iso:20022:tech:xsd:camt.053.001.02" xmlns_xsi="http://www.w3.org/2001/XMLSchema-instance">
      <BkToCstmrStmt>
          <GrpHdr>
              <MsgId>defe658d-a72b-57a4-87bb-128b34f25240</MsgId>
              <CreDtTm>2024-10-09T11:28:00.000000</CreDtTm>
              <MsgPgntn>
                  <PgNb>1</PgNb>
                  <LastPgInd>true</LastPgInd>
              </MsgPgntn>
          </GrpHdr>
          <Stmt>
              <!-- Uniek identificatienummer van bankafschrift -->
              <Id>1bc08693-b037-5f3b-8f84-1285e9d00459</Id>
              <ElctrncSeqNb>1</ElctrncSeqNb>
              <CreDtTm>2024-10-09T11:28:00.000000</CreDtTm>
              <Acct>
                <Id>
                      <!-- IBAN van Huishoudboekje-bankrekening -->
                      <IBAN>NL36ABNA5632579034</IBAN>
                </Id>
                  <Ccy>EUR</Ccy>
                  <Svcr>
                      <FinInstnId>
                          <!-- BIC van Huishoudboekje-bankrekening -->
                          <BIC>ABNANL2A</BIC>
                      </FinInstnId>
                  </Svcr>
              </Acct>
              <Bal>
                  <Tp>
                      <CdOrPrtry>
                          <Cd>OPBD</Cd>
                      </CdOrPrtry>
                  </Tp>
                  <Amt Ccy="EUR">0.00</Amt>
                  <CdtDbtInd>CRDT</CdtDbtInd>
              </Bal>
              <Bal>
                  <Tp>
                      <CdOrPrtry>
                          <Cd>CRDT</Cd>
                      </CdOrPrtry>
                  </Tp>
                  <Amt Ccy="EUR">0.00</Amt>
                  <CdtDbtInd>CRDT</CdtDbtInd>
              </Bal>
              <TxsSummry>
                  <TtlNtries>
                      <NbOfNtries>0</NbOfNtries>
                      <Sum>0.00</Sum>
                      <TtlNetNtryAmt>0.00</TtlNetNtryAmt>
                      <CdtDbtInd>DBIT</CdtDbtInd>
                  </TtlNtries>
                  <TtlCdtNtries>
                      <NbOfNtries>0</NbOfNtries>
                      <Sum>0.00</Sum>
                  </TtlCdtNtries>
                  <TtlDbtNtries>
                      <NbOfNtries>0</NbOfNtries>
                      <Sum>0.00</Sum>
                  </TtlDbtNtries>
              </TxsSummry>

              <!-- Inkomsten: aanvullende uitkering van gemeente Utrecht -->
              <Ntry>
                  <Amt Ccy="EUR">147.84</Amt>
                  <CdtDbtInd>CRDT</CdtDbtInd>
                  <Sts>BOOK</Sts>
                  <BookgDt>
                      <Dt>2024-10-07</Dt>
                  </BookgDt>
                  <ValDt>
                      <Dt>2024-10-07</Dt>
                  </ValDt>
                  <AcctSvcrRef>232070C7H4CYV5</AcctSvcrRef>
                  <BkTxCd>
                      <Prtry>
                          <Cd>849</Cd>
                          <Issr>ABN AMRO</Issr>
                      </Prtry>
                  </BkTxCd>
                  <NtryDtls>
                      <TxDtls>
                          <Refs>
                              <InstrId>INNDNL2U20260723000025610002518</InstrId>
                              <!-- Uniek identificatienummer van banktransactie -->
                              <EndToEndId>595356653</EndToEndId>
                          </Refs>
                          <AmtDtls>
                              <TxAmt>
                                  <Amt Ccy="EUR">147.84</Amt>
                              </TxAmt>
                          </AmtDtls>
                          <BkTxCd>
                              <Prtry>
                                  <Cd>849</Cd>
                                  <Issr>ABN AMRO</Issr>
                              </Prtry>
                          </BkTxCd>
                          <RltdPties>
                              <Dbtr>
                                  <Nm>GEMEENTE UTRECHT</Nm>
                              </Dbtr>
                              <DbtrAcct>
                                  <Id>
                                      <IBAN>NL71ABNA0411065785</IBAN>
                                  </Id>
                              </DbtrAcct>
                          </RltdPties>
                          <RltdAgts>
                              <DbtrAgt>
                                  <FinInstnId>
                                      <BIC>ABNANL2A</BIC>
                                  </FinInstnId>
                              </DbtrAgt>
                          </RltdAgts>
                          <RmtInf>
                              <Ustrd>Aanvullende uitkering ZOEKTERMPERSONA1 oktober 2024</Ustrd>
                          </RmtInf>
                      </TxDtls>
                  </NtryDtls>
                  <AddtlNtryInf>/TRTP/SEPA Incasso/REMI/Aanvullende uitkering ZOEKTERMPERSONA1 oktober 2024/CSID/NL12ZZZ091567230000/SVCL/CORE/testdata</AddtlNtryInf>
              </Ntry>

              <!-- Inkomsten: voorschot huurtoeslag van Belastingdienst -->
              <Ntry>
                  <Amt Ccy="EUR">322.00</Amt>
                  <CdtDbtInd>CRDT</CdtDbtInd>
                  <Sts>BOOK</Sts>
                  <BookgDt>
                      <Dt>2024-10-20</Dt>
                  </BookgDt>
                  <ValDt>
                      <Dt>2024-10-20</Dt>
                  </ValDt>
                  <AcctSvcrRef>232070C7H4CYV5</AcctSvcrRef>
                  <BkTxCd>
                      <Prtry>
                          <Cd>849</Cd>
                          <Issr>ABN AMRO</Issr>
                      </Prtry>
                  </BkTxCd>
                  <NtryDtls>
                      <TxDtls>
                          <Refs>
                              <InstrId>INNDNL2U20260723000025610002518</InstrId>
                              <!-- Uniek identificatienummer van banktransactie -->
                              <EndToEndId>342309860</EndToEndId>
                          </Refs>
                          <AmtDtls>
                              <TxAmt>
                                  <Amt Ccy="EUR">322.00</Amt>
                              </TxAmt>
                          </AmtDtls>
                          <BkTxCd>
                              <Prtry>
                                  <Cd>849</Cd>
                                  <Issr>ABN AMRO</Issr>
                              </Prtry>
                          </BkTxCd>
                          <RltdPties>
                              <Dbtr>
                                  <Nm>Belastingdienst</Nm>
                              </Dbtr>
                              <DbtrAcct>
                                  <Id>
                                      <IBAN>NL86INGB0002445588</IBAN>
                                  </Id>
                              </DbtrAcct>
                          </RltdPties>
                          <RltdAgts>
                              <DbtrAgt>
                                  <FinInstnId>
                                      <BIC>INGBNL2A</BIC>
                                  </FinInstnId>
                              </DbtrAgt>
                          </RltdAgts>
                          <RmtInf>
                              <Ustrd>REFO:GVSXX20210101012345678 TERUGGAAF NR. 999999990T900252 VOORSCHOT HUURTOESLAG 2024 (DE TEST) MEER INFO OP WWW.TOESLAGEN.NL</Ustrd>
                          </RmtInf>
                      </TxDtls>
                  </NtryDtls>
                  <AddtlNtryInf>REFO:GVSXX20210101012345678 TERUGGAAF NR. 999999990T900252 VOORSCHOT HUURTOESLAG 2024 (DE TEST) MEER INFO OP WWW.TOESLAGEN.NL</AddtlNtryInf>
              </Ntry>

              <!-- Inkomsten: voorschot kindgebonden budget van Belastingdienst -->
              <Ntry>
                  <Amt Ccy="EUR">391.00</Amt>
                  <CdtDbtInd>CRDT</CdtDbtInd>
                  <Sts>BOOK</Sts>
                  <BookgDt>
                      <Dt>2024-10-20</Dt>
                  </BookgDt>
                  <ValDt>
                      <Dt>2024-10-20</Dt>
                  </ValDt>
                  <AcctSvcrRef>232070C7H4CYV5</AcctSvcrRef>
                  <BkTxCd>
                      <Prtry>
                          <Cd>849</Cd>
                          <Issr>ABN AMRO</Issr>
                      </Prtry>
                  </BkTxCd>
                  <NtryDtls>
                      <TxDtls>
                          <Refs>
                              <InstrId>INNDNL2U20260723000025610002518</InstrId>
                              <!-- Uniek identificatienummer van banktransactie -->
                              <EndToEndId>295514685</EndToEndId>
                          </Refs>
                          <AmtDtls>
                              <TxAmt>
                                  <Amt Ccy="EUR">391.00</Amt>
                              </TxAmt>
                          </AmtDtls>
                          <BkTxCd>
                              <Prtry>
                                  <Cd>849</Cd>
                                  <Issr>ABN AMRO</Issr>
                              </Prtry>
                          </BkTxCd>
                          <RltdPties>
                              <Dbtr>
                                  <Nm>Belastingdienst</Nm>
                              </Dbtr>
                              <DbtrAcct>
                                  <Id>
                                      <IBAN>NL86INGB0002445588</IBAN>
                                  </Id>
                              </DbtrAcct>
                          </RltdPties>
                          <RltdAgts>
                              <DbtrAgt>
                                  <FinInstnId>
                                      <BIC>INGBNL2A</BIC>
                                  </FinInstnId>
                              </DbtrAgt>
                          </RltdAgts>
                          <RmtInf>
                              <Ustrd>REFO:GVSXX20210101012345678 MAAND NOV. NR. 999999990T000014 VOORSCHOT KIT/Kgb 2024 (DE TEST) MEER INFO OP WWW.TOESLAGEN.NL</Ustrd>
                          </RmtInf>
                      </TxDtls>
                  </NtryDtls>
                  <AddtlNtryInf>REFO:GVSXX20210101012345678 MAAND NOV. NR. 999999990T000014 VOORSCHOT KIT/Kgb 2024 (DE TEST) MEER INFO OP WWW.TOESLAGEN.NL</AddtlNtryInf>
              </Ntry>

              <!-- Inkomsten: voorschot zorgtoeslag van Belastingdienst -->
              <Ntry>
                  <Amt Ccy="EUR">107.00</Amt>
                  <CdtDbtInd>CRDT</CdtDbtInd>
                  <Sts>BOOK</Sts>
                  <BookgDt>
                      <Dt>2024-10-20</Dt>
                  </BookgDt>
                  <ValDt>
                      <Dt>2024-10-20</Dt>
                  </ValDt>
                  <AcctSvcrRef>232070C7H4CYV5</AcctSvcrRef>
                  <BkTxCd>
                      <Prtry>
                          <Cd>849</Cd>
                          <Issr>ABN AMRO</Issr>
                      </Prtry>
                  </BkTxCd>
                  <NtryDtls>
                      <TxDtls>
                          <Refs>
                              <InstrId>INNDNL2U20260723000025610002518</InstrId>
                              <!-- Uniek identificatienummer van banktransactie -->
                              <EndToEndId>181895502</EndToEndId>
                          </Refs>
                          <AmtDtls>
                              <TxAmt>
                                  <Amt Ccy="EUR">107.00</Amt>
                              </TxAmt>
                          </AmtDtls>
                          <BkTxCd>
                              <Prtry>
                                  <Cd>849</Cd>
                                  <Issr>ABN AMRO</Issr>
                              </Prtry>
                          </BkTxCd>
                          <RltdPties>
                              <Dbtr>
                                  <Nm>Belastingdienst</Nm>
                              </Dbtr>
                              <DbtrAcct>
                                  <Id>
                                      <IBAN>NL86INGB0002445588</IBAN>
                                  </Id>
                              </DbtrAcct>
                          </RltdPties>
                          <RltdAgts>
                              <DbtrAgt>
                                  <FinInstnId>
                                      <BIC>INGBNL2A</BIC>
                                  </FinInstnId>
                              </DbtrAgt>
                          </RltdAgts>
                          <RmtInf>
                              <Ustrd>REFO:GVSXX20210101012345678 MAAND NOV. NR. 999999990T000013 VOORSCHOT ZORGTOESLAG 2024 (DE TEST) MEER INFO OP WWW.TOESLAGEN.NL</Ustrd>
                          </RmtInf>
                      </TxDtls>
                  </NtryDtls>
                  <AddtlNtryInf>REFO:GVSXX20210101012345678 MAAND NOV. NR. 999999990T000013 VOORSCHOT ZORGTOESLAG 2024 (DE TEST) MEER INFO OP WWW.TOESLAGEN.NL</AddtlNtryInf>
              </Ntry>

              <!-- Inkomsten: loon van Albert Heijn B.V. -->
              <Ntry>
                  <Amt Ccy="EUR">765.32</Amt>
                  <CdtDbtInd>CRDT</CdtDbtInd>
                  <Sts>BOOK</Sts>
                  <BookgDt>
                      <Dt>2024-10-25</Dt>
                  </BookgDt>
                  <ValDt>
                      <Dt>2024-10-25</Dt>
                  </ValDt>
                  <AcctSvcrRef>232070C7H4CYV5</AcctSvcrRef>
                  <BkTxCd>
                      <Prtry>
                          <Cd>849</Cd>
                          <Issr>ABN AMRO</Issr>
                      </Prtry>
                  </BkTxCd>
                  <NtryDtls>
                      <TxDtls>
                          <Refs>
                              <InstrId>INNDNL2U20260723000025610002518</InstrId>
                              <!-- Uniek identificatienummer van banktransactie -->
                              <EndToEndId>663774035</EndToEndId>
                          </Refs>
                          <AmtDtls>
                              <TxAmt>
                                  <Amt Ccy="EUR">765.32</Amt>
                              </TxAmt>
                          </AmtDtls>
                          <BkTxCd>
                              <Prtry>
                                  <Cd>849</Cd>
                                  <Issr>ABN AMRO</Issr>
                              </Prtry>
                          </BkTxCd>
                          <RltdPties>
                              <Dbtr>
                                  <Nm>Albert Heijn B.V.</Nm>
                              </Dbtr>
                              <DbtrAcct>
                                  <Id>
                                      <IBAN>NL09INGB4826953240</IBAN>
                                  </Id>
                              </DbtrAcct>
                          </RltdPties>
                          <RltdAgts>
                              <DbtrAgt>
                                  <FinInstnId>
                                      <BIC>INGBNL2A</BIC>
                                  </FinInstnId>
                              </DbtrAgt>
                          </RltdAgts>
                          <RmtInf>
                              <Ustrd>Loon ZOEKTERMPERSONA1 oktober 2024</Ustrd>
                          </RmtInf>
                      </TxDtls>
                  </NtryDtls>
                  <AddtlNtryInf>Loon ZOEKTERMPERSONA1 oktober 2024</AddtlNtryInf>
              </Ntry>

              <!-- Uitgaven: huur aan Stichting Portaal -->
              <Ntry>
                  <!-- Bedrag -->
                  <Amt Ccy="EUR">647.35</Amt>
                  <CdtDbtInd>DBIT</CdtDbtInd>
                  <Sts>BOOK</Sts>
                  <BookgDt>
                      <!-- Boekingsdatum -->
                      <Dt>2024-10-04</Dt>
                  </BookgDt>
                  <ValDt>
                      <!-- Valutadatum -->
                      <Dt>2024-10-04</Dt>
                  </ValDt>
                  <AcctSvcrRef>232070C7H4CYV5</AcctSvcrRef>
                  <BkTxCd>
                      <Prtry>
                          <Cd>849</Cd>
                          <Issr>ABN AMRO</Issr>
                      </Prtry>
                  </BkTxCd>
                  <NtryDtls>
                      <TxDtls>
                          <Refs>
                              <InstrId>INNDNL2U20260723000025610002518</InstrId>
                              <!-- Uniek identificatienummer van banktransactie -->
                              <EndToEndId>335975626</EndToEndId>
                              <!-- Uniek identificatienummer van machtiging voor incasso -->
                              <MndtId>8828345</MndtId>
                          </Refs>
                          <AmtDtls>
                              <TxAmt>
                                  <!-- Bedrag -->
                                  <Amt Ccy="EUR">647.35</Amt>
                              </TxAmt>
                          </AmtDtls>
                          <BkTxCd>
                              <Prtry>
                                  <Cd>849</Cd>
                                  <Issr>BNGBANK</Issr>
                              </Prtry>
                          </BkTxCd>
                          <RltdPties>
                              <Cdtr>
                                  <!-- Naam tegenrekeninghouder -->
                                  <Nm>Stichting Portaal</Nm>
                              </Cdtr>
                              <CdtrAcct>
                                  <Id>
                                      <!-- IBAN tegenrekening -->
                                      <IBAN>NL15BNGH0285162624</IBAN>
                                  </Id>
                              </CdtrAcct>
                          </RltdPties>
                          <RltdAgts>
                              <CdtrAgt>
                                  <FinInstnId>
                                      <!-- BIC tegenrekening -->
                                      <BIC>BNGHNL2G</BIC>
                                  </FinInstnId>
                              </CdtrAgt>
                          </RltdAgts>
                          <RmtInf>
                              <!-- Ongestructureerde omschrijving -->
                              <Ustrd>Betaalde huur ZOEKTERMPERSONA1 oktober 2024</Ustrd>
                          </RmtInf>
                      </TxDtls>
                  </NtryDtls>
                  <!-- Gestructureerde omschrijving -->
                  <AddtlNtryInf>Betaalde huur ZOEKTERMPERSONA1 oktober 2024</AddtlNtryInf>
              </Ntry>

              <!-- Uitgaven: energie aan Engie -->
              <Ntry>
                  <!-- Bedrag -->
                  <Amt Ccy="EUR">350.00</Amt>
                  <CdtDbtInd>DBIT</CdtDbtInd>
                  <Sts>BOOK</Sts>
                  <BookgDt>
                      <!-- Boekingsdatum -->
                      <Dt>2024-10-01</Dt>
                  </BookgDt>
                  <ValDt>
                      <!-- Valutadatum -->
                      <Dt>2024-10-01</Dt>
                  </ValDt>
                  <AcctSvcrRef>232070C7H4CYV5</AcctSvcrRef>
                  <BkTxCd>
                      <Prtry>
                          <Cd>849</Cd>
                          <Issr>ABN AMRO</Issr>
                      </Prtry>
                  </BkTxCd>
                  <NtryDtls>
                      <TxDtls>
                          <Refs>
                              <InstrId>INNDNL2U20260723000025610002518</InstrId>
                              <!-- Uniek identificatienummer van banktransactie -->
                              <EndToEndId>494509041</EndToEndId>
                              <!-- Uniek identificatienummer van machtiging voor incasso -->
                              <MndtId>6992925</MndtId>
                          </Refs>
                          <AmtDtls>
                              <TxAmt>
                                  <!-- Bedrag -->
                                  <Amt Ccy="EUR">350.00</Amt>
                              </TxAmt>
                          </AmtDtls>
                          <BkTxCd>
                              <Prtry>
                                  <Cd>849</Cd>
                                  <Issr>BNGBANK</Issr>
                              </Prtry>
                          </BkTxCd>
                          <RltdPties>
                              <Cdtr>
                                  <!-- Naam tegenrekeninghouder -->
                                  <Nm>Engie Nederland Retail B.V.</Nm>
                              </Cdtr>
                              <CdtrAcct>
                                  <Id>
                                      <!-- IBAN tegenrekening -->
                                      <IBAN>NL54INGB0661901246</IBAN>
                                  </Id>
                              </CdtrAcct>
                          </RltdPties>
                          <RltdAgts>
                              <CdtrAgt>
                                  <FinInstnId>
                                      <!-- BIC tegenrekening -->
                                      <BIC>INGBNL2A</BIC>
                                  </FinInstnId>
                              </CdtrAgt>
                          </RltdAgts>
                          <RmtInf>
                              <!-- Ongestructureerde omschrijving -->
                              <Ustrd>Elektriciteit ZOEKTERMPERSONA1 oktober 2024</Ustrd>
                          </RmtInf>
                      </TxDtls>
                  </NtryDtls>
                  <!-- Gestructureerde omschrijving -->
                  <AddtlNtryInf>Elektriciteit ZOEKTERMPERSONA1 oktober 2024</AddtlNtryInf>
              </Ntry>

              <!-- Uitgaven: leefgeld naar prive-bankrekening -->
              <Ntry>
                  <!-- Bedrag -->
                  <Amt Ccy="EUR">25.00</Amt>
                  <CdtDbtInd>DBIT</CdtDbtInd>
                  <Sts>BOOK</Sts>
                  <BookgDt>
                      <!-- Boekingsdatum -->
                      <Dt>2024-10-01</Dt>
                  </BookgDt>
                  <ValDt>
                      <!-- Valutadatum -->
                      <Dt>2024-10-01</Dt>
                  </ValDt>
                  <AcctSvcrRef>232070C7H4CYV5</AcctSvcrRef>
                  <BkTxCd>
                      <Prtry>
                          <Cd>849</Cd>
                          <Issr>ABN AMRO</Issr>
                      </Prtry>
                  </BkTxCd>
                  <NtryDtls>
                      <TxDtls>
                          <Refs>
                              <InstrId>INNDNL2U20260723000025610002518</InstrId>
                              <!-- Uniek identificatienummer van banktransactie -->
                              <EndToEndId>409002363</EndToEndId>
                          </Refs>
                          <AmtDtls>
                              <TxAmt>
                                  <!-- Bedrag -->
                                  <Amt Ccy="EUR">25.00</Amt>
                              </TxAmt>
                          </AmtDtls>
                          <BkTxCd>
                              <Prtry>
                                  <Cd>849</Cd>
                                  <Issr>BNGBANK</Issr>
                              </Prtry>
                          </BkTxCd>
                          <RltdPties>
                              <Cdtr>
                                  <!-- Naam tegenrekeninghouder -->
                                  <Nm>F. de Jager</Nm>
                              </Cdtr>
                              <CdtrAcct>
                                  <Id>
                                      <!-- IBAN tegenrekening -->
                                      <IBAN>NL84INGB2266765221</IBAN>
                                  </Id>
                              </CdtrAcct>
                          </RltdPties>
                          <RltdAgts>
                              <CdtrAgt>
                                  <FinInstnId>
                                      <!-- BIC tegenrekening -->
                                      <BIC>INGBNL2A</BIC>
                                  </FinInstnId>
                              </CdtrAgt>
                          </RltdAgts>
                          <RmtInf>
                              <!-- Ongestructureerde omschrijving -->
                              <Ustrd>Leefgeld ZOEKTERMPERSONA1 oktober 2024</Ustrd>
                          </RmtInf>
                      </TxDtls>
                  </NtryDtls>
                  <!-- Gestructureerde omschrijving -->
                  <AddtlNtryInf>Leefgeld ZOEKTERMPERSONA1 oktober 2024</AddtlNtryInf>
              </Ntry>

              <!-- Uitgaven: water aan Vitens -->
              <Ntry>
                  <!-- Bedrag -->
                  <Amt Ccy="EUR">41.61</Amt>
                  <CdtDbtInd>DBIT</CdtDbtInd>
                  <Sts>BOOK</Sts>
                  <BookgDt>
                      <!-- Boekingsdatum -->
                      <Dt>2024-10-01</Dt>
                  </BookgDt>
                  <ValDt>
                      <!-- Valutadatum -->
                      <Dt>2024-10-01</Dt>
                  </ValDt>
                  <AcctSvcrRef>232070C7H4CYV5</AcctSvcrRef>
                  <BkTxCd>
                      <Prtry>
                          <Cd>849</Cd>
                          <Issr>ABN AMRO</Issr>
                      </Prtry>
                  </BkTxCd>
                  <NtryDtls>
                      <TxDtls>
                          <Refs>
                              <InstrId>INNDNL2U20260723000025610002518</InstrId>
                              <!-- Uniek identificatienummer van banktransactie -->
                              <EndToEndId>719277307</EndToEndId>
                              <!-- Uniek identificatienummer van machtiging voor incasso -->
                              <MndtId>8958530</MndtId>
                          </Refs>
                          <AmtDtls>
                              <TxAmt>
                                  <!-- Bedrag -->
                                  <Amt Ccy="EUR">41.61</Amt>
                              </TxAmt>
                          </AmtDtls>
                          <BkTxCd>
                              <Prtry>
                                  <Cd>849</Cd>
                                  <Issr>BNGBANK</Issr>
                              </Prtry>
                          </BkTxCd>
                          <RltdPties>
                              <Cdtr>
                                  <!-- Naam tegenrekeninghouder -->
                                  <Nm>Vitens N.V.</Nm>
                              </Cdtr>
                              <CdtrAcct>
                                  <Id>
                                      <!-- IBAN tegenrekening -->
                                      <IBAN>NL94INGB0000869000</IBAN>
                                  </Id>
                              </CdtrAcct>
                          </RltdPties>
                          <RltdAgts>
                              <CdtrAgt>
                                  <FinInstnId>
                                      <!-- BIC tegenrekening -->
                                      <BIC>INGBNL2A</BIC>
                                  </FinInstnId>
                              </CdtrAgt>
                          </RltdAgts>
                          <RmtInf>
                              <!-- Ongestructureerde omschrijving -->
                              <Ustrd>Water ZOEKTERMPERSONA1 juli 2024</Ustrd>
                          </RmtInf>
                      </TxDtls>
                  </NtryDtls>
                  <!-- Gestructureerde omschrijving -->
                  <AddtlNtryInf>Water ZOEKTERMPERSONA1 juli 2024</AddtlNtryInf>
              </Ntry>

          </Stmt>
      </BkToCstmrStmt>
  </Document>