<?xml version="1.0" encoding="UTF-8" standalone="yes"?>
<Document xmlns="urn:iso:std:iso:20022:tech:xsd:camt.053.001.02">
    <BkToCstmrStmt>
        <GrpHdr>
            <MsgId>227331700</MsgId>
            <CreDtTm>2021-08-04T04:09:08.448Z</CreDtTm>
            <MsgRcpt>
                <Nm>SAMPLECLIENT, INC.</Nm>
                <Id>
                    <OrgId>
                        <Othr>
                            <Id>sampleclient</Id>
                        </Othr>
                    </OrgId>
                </Id>
            </MsgRcpt>
        </GrpHdr>
        <Stmt>
            <Id>15111000</Id>
            <ElctrncSeqNb>2</ElctrncSeqNb>
            <LglSeqNb>2</LglSeqNb>
            <CreDtTm>2021-08-04T04:09:10.259Z</CreDtTm>
            <FrToDt>
                <FrDtTm>2021-08-03T00:00:00.000Z</FrDtTm>
                <ToDtTm>2021-08-03T23:59:59.000Z</ToDtTm>
            </FrToDt>
            <Acct>
                <Id>
                    <Othr>
                        <Id>105084986</Id>
                    </Othr>
                </Id>
                <Tp>
                    <Prtry>IBDA_DDA</Prtry>
                </Tp>
                <Ccy>USD</Ccy>
                <Nm>SC Corporate Account</Nm>
                <Svcr>
                    <FinInstnId>
                        <BIC>GSCRUS30</BIC>
                        <Nm>Goldman Sachs Bank</Nm>
                    </FinInstnId>
                </Svcr>
            </Acct>
            <Bal>
                <Tp>
                    <CdOrPrtry>
                        <Cd>OPBD</Cd>
                    </CdOrPrtry>
                </Tp>
                <Amt Ccy="USD">1007774.12</Amt>
                <CdtDbtInd>CRDT</CdtDbtInd>
                <Dt>
                    <DtTm>2021-08-02T23:59:00.000Z</DtTm>
                </Dt>
            </Bal>
            <Bal>
                <Tp>
                    <CdOrPrtry>
                        <Cd>CLBD</Cd>
                    </CdOrPrtry>
                </Tp>
                <Amt Ccy="USD">1007687.04</Amt>
                <CdtDbtInd>CRDT</CdtDbtInd>
                <Dt>
                    <DtTm>2021-08-03T23:59:00.000Z</DtTm>
                </Dt>
            </Bal>
            <TxsSummry>
                <TtlNtries>
                    <NbOfNtries>18</NbOfNtries>
                    <Sum>149.9600</Sum>
                    <TtlNetNtryAmt>87.0800</TtlNetNtryAmt>
                    <CdtDbtInd>DBIT</CdtDbtInd>
                </TtlNtries>
                <TtlCdtNtries>
                    <NbOfNtries>3</NbOfNtries>
                    <Sum>31.4400</Sum>
                </TtlCdtNtries>
                <TtlDbtNtries>
                    <NbOfNtries>15</NbOfNtries>
                    <Sum>118.5200</Sum>
                </TtlDbtNtries>
            </TxsSummry>
          <Ntry>
          <Amt Ccy="EUR">148.45</Amt>
          <CdtDbtInd>DBIT</CdtDbtInd>
          <Sts>BOOK</Sts>
          <BookgDt>
            <Dt>2022-02-07</Dt>
          </BookgDt>
          <ValDt>
            <Dt>2022-02-07</Dt>
          </ValDt>
          <AcctSvcrRef>232070C7H4CYV5</AcctSvcrRef>
          <BkTxCd>
            -<Prtry>
            <Cd>849</Cd>
            <Issr>BNGBANK</Issr>
          </Prtry>
          </BkTxCd>
          <NtryDtls>
            <TxDtls>
              <Refs>
                <InstrId>INNDNL2U20260723000025610002518</InstrId>
                <EndToEndId>123456789</EndToEndId>
                <MndtId>5784272</MndtId>
              </Refs>
              <AmtDtls>
                <TxAmt>
                  <Amt Ccy="EUR">148.45</Amt>
                </TxAmt>
              </AmtDtls>
              <BkTxCd>
                <Prtry>
                  <Cd>849</Cd>
                  <Issr>BNGBANK</Issr>
                </Prtry>
              </BkTxCd>
              <RltdPties>
                <Cdtr>
                  <Nm>VGZ Zorgverzekeraar N.V.</Nm>
                </Cdtr>
                <CdtrAcct>
                  -<Id>
                  <IBAN>NL91INGB0003000047</IBAN>
                </Id>
                </CdtrAcct>
              </RltdPties>
              <RltdAgts>
                <CdtrAgt>
                  <FinInstnId>
                    <BIC>INGBNL2A</BIC>
                  </FinInstnId>
                </CdtrAgt>
              </RltdAgts>
              <RmtInf>
                <Ustrd>PREMIE aug. 2023.</Ustrd>
              </RmtInf>
            </TxDtls>
          </NtryDtls>
          <AddtlNtryInf>/TRTP/SEPA Incasso/REMI/PREMIE Zorg/CSID/NL12ZZZ091567230000/SVCL/CORE</AddtlNtryInf>
        </Ntry>
        </Stmt>
    </BkToCstmrStmt>
</Document>
