<?xml version='1.0' encoding='utf-8'?>
<Document xmlns="urn:iso:std:iso:20022:tech:xsd:camt.053.001.02" xmlns_xsi="http://www.w3.org/2001/XMLSchema-instance"><BkToCstmrStmt><GrpHdr><MsgId>0636f528-34b4-42bf-a3d7-540e6e0aa555</MsgId><CreDtTm>2024-04-25T10:58:07.278783</CreDtTm><MsgPgntn><PgNb>1</PgNb><LastPgInd>true</LastPgInd></MsgPgntn></GrpHdr><Stmt><Id>1</Id><ElctrncSeqNb>1</ElctrncSeqNb><CreDtTm>2024-04-25T10:58:07.278783</CreDtTm><Acct><Id><IBAN>NL29ANAA0449973255</IBAN></Id><Ccy>EUR</Ccy><Svcr><FinInstnId><BIC>INGBNL2A</BIC></FinInstnId></Svcr></Acct><Bal><Tp><CdOrPrtry><Cd>OPBD</Cd></CdOrPrtry></Tp><Amt Ccy="EUR">0.00</Amt><CdtDbtInd>CRDT</CdtDbtInd></Bal><Bal><Tp><CdOrPrtry><Cd>CRDT</Cd></CdOrPrtry></Tp><Amt Ccy="EUR">0.00</Amt><CdtDbtInd>CRDT</CdtDbtInd></Bal><Ntry><Amt Ccy="EUR">20</Amt><CdtDbtInd>DBIT</CdtDbtInd><BookgDt><Dt>1980-03-01</Dt></BookgDt><ValDt><Dt>1980-03-01</Dt></ValDt><AddtlNtryInf>20 1980-03-01 00:00:00</AddtlNtryInf></Ntry><Ntry><Amt Ccy="EUR">20</Amt><CdtDbtInd>DBIT</CdtDbtInd><BookgDt><Dt>1980-04-01</Dt></BookgDt><ValDt><Dt>1980-04-01</Dt></ValDt><AddtlNtryInf>20 1980-04-01 00:00:00</AddtlNtryInf></Ntry><Ntry><Amt Ccy="EUR">20</Amt><CdtDbtInd>DBIT</CdtDbtInd><BookgDt><Dt>1980-05-01</Dt></BookgDt><ValDt><Dt>1980-05-01</Dt></ValDt><AddtlNtryInf>20 1980-05-01 00:00:00</AddtlNtryInf></Ntry><Ntry><Amt Ccy="EUR">20</Amt><CdtDbtInd>DBIT</CdtDbtInd><BookgDt><Dt>1980-06-01</Dt></BookgDt><ValDt><Dt>1980-06-01</Dt></ValDt><AddtlNtryInf>20 1980-06-01 00:00:00</AddtlNtryInf></Ntry><Ntry><Amt Ccy="EUR">20</Amt><CdtDbtInd>DBIT</CdtDbtInd><BookgDt><Dt>1980-07-01</Dt></BookgDt><ValDt><Dt>1980-07-01</Dt></ValDt><AddtlNtryInf>20 1980-07-01 00:00:00</AddtlNtryInf></Ntry><Ntry><Amt Ccy="EUR">20</Amt><CdtDbtInd>DBIT</CdtDbtInd><BookgDt><Dt>1980-08-01</Dt></BookgDt><ValDt><Dt>1980-08-01</Dt></ValDt><AddtlNtryInf>20 1980-08-01 00:00:00</AddtlNtryInf></Ntry><Ntry><Amt Ccy="EUR">20</Amt><CdtDbtInd>DBIT</CdtDbtInd><BookgDt><Dt>1980-09-01</Dt></BookgDt><ValDt><Dt>1980-09-01</Dt></ValDt><AddtlNtryInf>20 1980-09-01 00:00:00</AddtlNtryInf></Ntry><Ntry><Amt Ccy="EUR">20</Amt><CdtDbtInd>DBIT</CdtDbtInd><BookgDt><Dt>1980-10-01</Dt></BookgDt><ValDt><Dt>1980-10-01</Dt></ValDt><AddtlNtryInf>20 1980-10-01 00:00:00</AddtlNtryInf></Ntry><Ntry><Amt Ccy="EUR">20</Amt><CdtDbtInd>DBIT</CdtDbtInd><BookgDt><Dt>1980-11-01</Dt></BookgDt><ValDt><Dt>1980-11-01</Dt></ValDt><AddtlNtryInf>20 1980-11-01 00:00:00</AddtlNtryInf></Ntry><Ntry><Amt Ccy="EUR">20</Amt><CdtDbtInd>DBIT</CdtDbtInd><BookgDt><Dt>1980-12-01</Dt></BookgDt><ValDt><Dt>1980-12-01</Dt></ValDt><AddtlNtryInf>20 1980-12-01 00:00:00</AddtlNtryInf></Ntry><Ntry><Amt Ccy="EUR">20</Amt><CdtDbtInd>DBIT</CdtDbtInd><BookgDt><Dt>1981-01-01</Dt></BookgDt><ValDt><Dt>1981-01-01</Dt></ValDt><AddtlNtryInf>20 1981-01-01 00:00:00</AddtlNtryInf></Ntry><Ntry><Amt Ccy="EUR">20</Amt><CdtDbtInd>DBIT</CdtDbtInd><BookgDt><Dt>1981-02-01</Dt></BookgDt><ValDt><Dt>1981-02-01</Dt></ValDt><AddtlNtryInf>20 1981-02-01 00:00:00</AddtlNtryInf></Ntry><Ntry><Amt Ccy="EUR">20</Amt><CdtDbtInd>DBIT</CdtDbtInd><BookgDt><Dt>1981-03-01</Dt></BookgDt><ValDt><Dt>1981-03-01</Dt></ValDt><AddtlNtryInf>20 1981-03-01 00:00:00</AddtlNtryInf></Ntry><Ntry><Amt Ccy="EUR">20</Amt><CdtDbtInd>DBIT</CdtDbtInd><BookgDt><Dt>1981-04-01</Dt></BookgDt><ValDt><Dt>1981-04-01</Dt></ValDt><AddtlNtryInf>20 1981-04-01 00:00:00</AddtlNtryInf></Ntry><Ntry><Amt Ccy="EUR">20</Amt><CdtDbtInd>DBIT</CdtDbtInd><BookgDt><Dt>1981-05-01</Dt></BookgDt><ValDt><Dt>1981-05-01</Dt></ValDt><AddtlNtryInf>20 1981-05-01 00:00:00</AddtlNtryInf></Ntry><Ntry><Amt Ccy="EUR">20</Amt><CdtDbtInd>DBIT</CdtDbtInd><BookgDt><Dt>1981-06-01</Dt></BookgDt><ValDt><Dt>1981-06-01</Dt></ValDt><AddtlNtryInf>20 1981-06-01 00:00:00</AddtlNtryInf></Ntry><Ntry><Amt Ccy="EUR">20</Amt><CdtDbtInd>DBIT</CdtDbtInd><BookgDt><Dt>1981-07-01</Dt></BookgDt><ValDt><Dt>1981-07-01</Dt></ValDt><AddtlNtryInf>20 1981-07-01 00:00:00</AddtlNtryInf></Ntry><Ntry><Amt Ccy="EUR">20</Amt><CdtDbtInd>DBIT</CdtDbtInd><BookgDt><Dt>1981-08-01</Dt></BookgDt><ValDt><Dt>1981-08-01</Dt></ValDt><AddtlNtryInf>20 1981-08-01 00:00:00</AddtlNtryInf></Ntry><Ntry><Amt Ccy="EUR">20</Amt><CdtDbtInd>DBIT</CdtDbtInd><BookgDt><Dt>1981-09-01</Dt></BookgDt><ValDt><Dt>1981-09-01</Dt></ValDt><AddtlNtryInf>20 1981-09-01 00:00:00</AddtlNtryInf></Ntry></Stmt></BkToCstmrStmt></Document>